3246 5296
803 523 968 654 A.

442 740 599 809 Arrident
620 741 687 810 late
709 745 779 808 toto
801 742 982 811 revelantia
1004 745 1124 812 mundo

442 846 555 914 Sidera
575 845 721 912 blandito
744 847 906 913 dominam
927 854 1080 917 venerata
1103 871 1217 918 sereno

441 1054 586 1121 Ventilet
608 1053 722 1121 afflatu
745 1056 869 1123 eaelum
891 1058 1112 1145 Zephyrisque
1134 1059 1280 1128 remissis
1406 1134 1411 1145 ⁸

442 1159 564 1225 Muleet
586 1179 693 1246 egros,
1254 1155 1255 1158 ¹

312 1267 401 1331 uerte
421 1263 567 1331 Lucretii
587 1265 794 1331 notissimum
814 1263 906 1332 illum
929 1265 970 1332 de
992 1266 1118 1335 Venere
1144 1269 1249 1337 locum
1271 1269 1306 1335 in
1336 1270 1443 1339 animo

312 1368 436 1449 habuit,
460 1367 516 1452 qui
539 1372 629 1434 extat
649 1367 705 1434 lib.
727 1368 744 1433 I
764 1391 792 1436 v.
818 1373 836 1433 6
861 1390 945 1455 sqq:

441 1471 495 1553 Te,
518 1471 589 1553 dea,
611 1476 645 1538 te
667 1471 796 1558 fugiunt
816 1475 912 1553 venti,
935 1479 969 1540 te
990 1474 1104 1543 nubila
1126 1477 1207 1544 caeli

439 1579 683 1661 Adventumque
704 1581 811 1660 tuum3
833 1578 895 1644 tibi
918 1599 1032 1645 suaves
1054 1579 1194 1648 daedala
1215 1581 1314 1649 tellus

439 1682 590 1749 Immittit
610 1681 723 1764 flores3
746 1681 807 1747 tibi
828 1681 937 1748 rident
958 1703 1102 1767 aequora
1124 1687 1215 1771 pont'

438 1787 673 1871 Placatnmque
694 1785 777 1852 nitet
800 1785 915 1853 diffuso
937 1787 1057 1854 lumine
1080 1790 1213 1858 eaelum.

310 1909 460 1977 Ceterum
481 1908 562 1976 haee
582 1908 680 1989 fiotio,
702 1929 786 1991 quae
815 1913 866 1975 est
888 1909 928 1975 de
950 1915 1071 1976 natura
1092 1909 1210 1978 blando
1234 1911 1329 1996 quasi
1349 1911 1442 1978 vultu

309 2015 444 2083 Veneris
458 2012 631 2082 adventum
645 2012 817 2094 salutante,
831 2013 938 2099 poetis
952 2015 1093 2098 antiquis
1108 2019 1314 2100 grataneque
1324 2015 1439 2084 aliena.

309 2119 418 2185 Etiam
441 2116 640 2185 Claudianus
661 2117 747 2184 idem
768 2117 871 2184 habet
892 2122 983 2205 nupt.
1006 2119 1088 2187 Hon.
1113 2124 1175 2200 184
1199 2140 1262 2204 sq:

656 2220 798 2287 adventu
820 2219 954 2288 Veneris
976 2222 1111 2308 pulsata
1131 2222 1287 2289 recedunt

435 2324 571 2406 Nubila3
595 2323 776 2391 clarescunt
797 2323 887 2411 puris
904 2325 1119 2408 Aquilonibus
1141 2324 1250 2412 Alpes.

393 2448 441 2514 De
462 2446 514 2512 his
536 2445 689 2531 deinceps
710 2445 847 2512 Patrioii
867 2445 974 2512 verbis
995 2469 1023 2514 v.
1050 2448 1104 2511 15:

436 2551 619 2634 invergit
640 2549 789 2615 florem
811 2549 1085 2616 nascentibus
1107 2548 1250 2617 herbis

307 2657 469 2723 incertum
492 2657 542 2721 est
563 2673 606 2719 an
628 2653 671 2720 ad
693 2653 837 2719 Lucretii
858 2652 1040 2740 exemplum
1062 2652 1187 2737 etipsa
1206 2654 1437 2739 composuerit3

309 2758 458 2826 similiter
480 2757 567 2825 enim
587 2757 760 2824 Lueretius
782 2757 822 2823 de
844 2777 928 2823 anno
951 2757 1030 2823 dicit
1051 2756 1085 2822 11
1108 2761 1163 2822 33:

437 2863 515 2929 anni
536 2858 696 2948 Tempora
717 2864 999 2948 conspergunt
1025 2858 1260 2926 viridantes

805 2961 986 3029 floribus
1007 2962 1168 3030 herbas.

310 3089 430 3156 Verum
452 3089 539 3152 uerte
561 3084 792 3150 Lucretianam
821 3083 1036 3151 elocutionem
1063 3083 1146 3151 haee
1174 3084 1306 3171 sapiunt
1327 3107 1355 3152 v.
1380 3087 1436 3149 65:

308 3191 467 3258 molimine
483 3207 614 3272 moyam
633 3185 674 3255 of.
687 3186 813 3255 Lueret.
827 3187 884 3256 lib.
899 3188 946 3252 IV
959 3209 987 3256 v.
1003 3190 1066 3253 899
1088 3191 1133 3268 (et
1148 3188 1304 3274 saepius):
1321 3207 1437 3273 muoso

308 3295 476 3362 molimine.
520 3292 589 3357 Neo
616 3293 721 3357 minus
749 3291 783 3356 in
805 3292 867 3357 hoo
889 3291 975 3358 dioto
997 3313 1025 3357 v.
1049 3296 1084 3357 9:
1108 3312 1171 3374 per
1193 3295 1305 3374 operto
1324 3291 1437 3358 muudi

310 3396 452 3464 Lucretii
482 3395 660 3479 exemplum
691 3393 907 3462 desideratur:
942 3394 998 3463 lib.
1030 3395 1076 3460 VI
1105 3417 1133 3460 v.
1160 3395 1222 3460 817
1252 3393 1371 3478 legitur
1400 3395 1437 3459 io

308 3499 529 3585 apertaeque.

394 3619 482 3704 Ergo
500 3617 643 3688 Patricio
660 3617 802 3685 Lucretii
820 3639 948 3684 carmen
969 3622 1080 3684 notum
1102 3615 1201 3683 fuerit
1222 3636 1354 3684 neeesse
1375 3621 1434 3686 est.

308 3725 430 3792 Verum
464 3721 542 3787 hino
577 3720 669 3806 sequi
705 3720 847 3802 videtur,
883 3726 921 3787 ut
954 3721 1061 3787 medio
1096 3719 1226 3806 quidem
1261 3741 1341 3788 aevo
1374 3720 1436 3786 hoo

311 3825 556 3912 epithalamium
578 3829 686 3890 ortum
708 3845 780 3891 esse
801 3846 866 3891 non
887 3827 1007 3909 possit;
1030 3845 1106 3892 nam
1129 3829 1218 3892 eerte
1236 3825 1436 3892 oontendunt

309 3933 370 4000 viri
392 3929 483 3998 dooti
503 3929 560 3994 illo
584 3948 662 3994 aevo
684 3927 828 3994 Lucretii
849 3949 979 3996 carmen
1001 3928 1139 3996 iacuisse
1160 3930 1311 4014 ignotum.
1321 3929 1343 4010 ¹)

395 4034 467 4100 Iam
482 4053 558 4099 vero
577 4030 619 4097 ad
639 4031 776 4102 silium
789 4033 970 4102 Italicum
982 4052 1144 4100 vocamur.
1174 4031 1235 4098 Hie
1251 4030 1435 4097 memineris

309 4158 431 4224 quaeso
453 4139 551 4203 etiam
573 4133 645 4202 Silii
665 4135 773 4201 Italici
793 4136 917 4203 Punica
938 4157 997 4224 per
1018 4135 1157 4203 medium
1185 4155 1298 4202 aevum
1323 4135 1436 4220 ignota

308 4243 448 4308 iacuisse
471 4239 573 4306 statui
595 4237 710 4304 solere.
755 4239 880 4306 Rursus
908 4241 1010 4326 igitur
1039 4237 1251 4306 confirmatur
1277 4258 1318 4305 ne
1346 4237 1435 4304 illius

396 4499 416 4573 ¹)
435 4497 469 4553 of.
487 4499 505 4553 J
507 4515 586 4553 esen
602 4497 633 4551 in
650 4495 789 4568 Philologi
805 4499 872 4552 tom
891 4497 971 4553 XXX
987 4515 1015 4568 p.
1033 4499 1093 4554 236.
