3250 5290
679 515 832 609 *m-

385 695 464 763 lllos
486 696 590 783 prima
610 702 742 783 patrum
764 718 939 784 generosae
963 698 1074 783 stirpis
1097 696 1242 766 alumnos

320 798 484 867 Nobilitas
505 805 579 867 tota
598 801 724 886 pridem
747 801 968 868 celebraverat
989 802 1070 869 urbe

321 901 365 969 Et
388 904 509 990 speeies
530 923 718 989 morumque
741 904 909 990 opulentia
933 910 1038 972 comta
1060 906 1183 989 nitore3

322 1006 389 1074 Nec
410 1009 508 1075 semel
531 1009 719 1076 Arcitenens
742 1013 887 1076 tentarat
908 1008 1031 1095 spicula
1053 1010 1153 1078 castis

121 1157 122 1162 κ
258 1117 298 1178 65
321 1111 436 1180 Indere
457 1114 651 1198 pectoribus,
673 1116 786 1181 matris
803 1114 966 1181 molimine
987 1135 1114 1201 magno.

322 1214 387 1282 Olli
407 1216 568 1284 florebant
589 1217 706 1284 studiis
728 1216 882 1284 Helicone
903 1218 1023 1303 petitis,

320 1320 388 1386 Nec
410 1320 528 1388 chorus
550 1321 710 1388 Aonidum
731 1342 792 1388 nec
813 1326 947 1389 sanctae
969 1319 1115 1389 Palladis
1137 1321 1234 1388 ardor

321 1425 388 1490 Nec
409 1430 504 1508 peter
524 1426 594 1510 ipse
616 1426 712 1493 deum
735 1427 885 1513 cuiquem
906 1428 1028 1492 maiore
1049 1424 1180 1493 favebat

322 1528 469 1614 Ingeni03
490 1551 550 1616 par
572 1550 651 1597 cura
672 1533 794 1597 animo:
818 1530 911 1598 labor
935 1531 1002 1597 otia
1022 1530 1125 1597 nescit

260 1637 301 1698 70
323 1633 502 1716 Improbus‚
525 1639 623 1720 utque
647 1635 720 1702 aliis
742 1636 810 1700 urit
831 1633 1023 1719 praecordia
1044 1632 1183 1700 flammis

323 1735 443 1818 Gloria,
474 1737 517 1828 ab
539 1737 669 1804 excelsa
689 1737 763 1804 laus
784 1736 1017 1803 intemerabilis
1039 1756 1115 1803 arce

323 1840 486 1907 Monstrat
506 1841 578 1924 iter,
601 1862 665 1927 quo
686 1841 773 1908 celsa
797 1845 913 1926 petant
934 1839 1065 1924 fastigia
1085 1861 1193 1906 rerum

324 1943 490 2010 Semideae
511 1950 645 2027 mentes,
666 1965 749 2032 puro
772 1945 872 2029 stirps
893 1947 1028 2028 prosata
1050 1944 1148 2011 caelo.

325 2048 367 2112 At
388 2051 518 2113 teneros
540 2048 610 2114 aevi
631 2068 691 2113 nec
713 2047 818 2114 adhuc
839 2046 963 2131 puerile
985 2051 1137 2114 sonantes

262 2154 301 2215 75
324 2151 352 2214 Α
373 2150 492 2234 primis⁴
507 2147 614 2218 fausto
636 2150 800 2217 sociarant
822 2149 927 2216 omine
950 2151 1040 2216 cunis

325 2252 460 2320 Solliciti
481 2255 578 2340 longa
600 2255 640 2322 de
661 2256 853 2340 posteritate
876 2255 1038 2337 parentes.

324 2357 408 2423 Hinc
429 2379 509 2442 puer
531 2358 622 2425 elusa
643 2358 719 2443 iuga
741 2357 938 2442 Calliopeius
960 2355 1023 2424 illis

323 2459 489 2527 Nexuerat
510 2462 640 2528 domina
660 2461 844 2544 laetamque
865 2460 991 2527 ferebat
1012 2460 1055 2526 ad
1076 2461 1185 2528 aulam

324 2564 499 2631 Luctantes
520 2564 651 2649 rapiens
672 2565 812 2644 iuvenes,
829 2565 966 2630 immane
988 2569 1168 2648 tropaeum.

262 2674 303 2732 80
387 2667 563 2751 Indignata
583 2672 693 2734 tamen
715 2667 789 2733 risit
806 2667 888 2761 ⁸dea;
910 2686 970 2733 nec
990 2666 1052 2733 tibi
1072 2671 1199 2734 tantum
1236 2735 1237 2738 ,

324 2769 428 2854 Saepe
448 2770 545 2837 licere
566 2770 656 2852 velis,
685 2770 815 2837 nimium
837 2770 982 2836 studiose
1003 2770 1147 2856 pudoris,

228 2925 234 2936 .
324 2873 488 2941 Maternus
509 2876 651 2956 nimium,
672 2896 762 2959 puer,
784 2875 965 2960 amplexato
982 2874 1117 2960 rigores.

324 2978 475 3045 Protinus
497 2978 684 3045 instaurant
705 2997 840 3063 pompae
858 2977 992 3063 genialis
1014 2977 1168 3044 honorem

324 3080 573 3168 Deflectsmtque
593 3083 679 3148 viam
699 3081 879 3167 pelagoque
902 3080 1067 3147 advertere
1089 3084 1226 3148 certant.

261 3190 307 3250 85-
324 3185 399 3250 Ales
421 3188 457 3249 at
479 3184 621 3251 emedio
643 3185 791 3251 revolans
814 3183 994 3251 Concordia
1015 3190 1109 3250 coetu
1191 3238 1194 3254 .

322 3288 459 3371 Iungere
480 3308 564 3352 nunc
586 3288 726 3368 dextras,
754 3308 839 3353 nunc
867 3287 979 3354 oscula
1006 3307 1148 3372 pangere
1170 3288 1304 3356 mandat

324 3391 495 3475 Primaque
516 3391 680 3475 perpetuis
701 3391 857 3476 mysteria
877 3391 1009 3458 tradere
1031 3389 1139 3458 curis(

324 3495 401 3578 Ipsa
421 3494 627 3579 pharetratos
648 3498 743 3578 urget
766 3495 826 3561 dea
847 3494 996 3578 pronuba
1016 3489 1136 3562 fratres'

326 3596 447 3668 Sancta
467 3597 572 3679 Fides,
593 3596 727 3664 flectant
748 3597 881 3664 choreas
904 3598 946 3663 ad
967 3598 1096 3665 moenia
1116 3599 1237 3666 Romae

263 3707 304 3766 90
326 3699 369 3764 Et
389 3700 514 3786 patrios
535 3700 623 3767 laeto
645 3705 797 3785 repetant
817 3721 944 3767 rumore
965 3701 1133 3794 Penates,⁴

325 3803 418 3869 Unde
440 3808 516 3869 ante
538 3823 597 3870 ora
618 3824 749 3870 suorum
770 3809 804 3869 et
826 3805 932 3871 avitae
953 3804 988 3868 in
1010 3803 1140 3872 sedibus
1154 3806 1258 3873 'aulae

326 3906 499 3973 Testentur
519 3905 616 3972 fixum
638 3906 760 3988 foedus,
783 3906 1024 3992 thalamumque
1045 3913 1206 3976 coronent.

285 4098 317 4151 61
337 4096 448 4149 alumno
466 4095 494 4149 Β
511 4095 522 4164 ΙΙ
540 4096 574 4150 66
587 4095 677 4165 potito
695 4097 724 4151 Β
745 4099 782 4166 (p.
796 4099 843 4164 44)
860 4096 944 4165 potiti
958 4097 1055 4153 Bmm.
1074 4098 1169 4168 petitis
1187 4098 1288 4155 Buchr.
1300 4099 1311 4169 ΙΙ

199 4183 234 4237 68
256 4183 315 4253 iu'gi
326 4197 382 4253 pro
400 4181 483 4235 deum
501 4181 529 4235 Β
550 4183 587 4251 (p.
605 4185 641 4236 44
657 4185 708 4253 aq.)
732 4185 742 4248 ΙΙ
768 4185 803 4236 70
825 4184 908 4251 atque
925 4182 991 4237 valiis
1009 4183 1038 4237 Β
1061 4187 1144 4252 atque
1168 4184 1231 4238 altis
1250 4184 1322 4242 Rea.

200 4270 283 4337 atque
309 4268 389 4323 almis
413 4268 514 4324 Butler.
541 4270 578 4338 (p.
597 4272 645 4336 45)
673 4269 686 4340 ΙΙ
714 4272 746 4323 71
772 4268 808 4322 ad
828 4268 980 4323 aetheriam
1004 4300 1039 4310 -
1064 4286 1156 4324 arcem
1182 4271 1280 4328 Burm.
1299 4271 1312 4343 ΙΙ

201 4356 234 4408 72
252 4356 352 4424 petunt
369 4355 398 4408 Β
425 4355 436 4426 ΙΙ
465 4356 498 4408 73
517 4354 593 4410 coelo
611 4354 639 4409 B
667 4355 679 4426 u
708 4356 742 4410 75
759 4354 900 4409 sociarunt
913 4354 987 4426 May.
1005 4356 1016 4425 ΙΙ
1037 4357 1071 4408 77
1087 4356 1144 4409 iam
1161 4355 1322 4425 Cythereius

202 4439 299 4495 Burro.
328 4439 340 4510 ΙΙ
368 4441 401 4494 81
418 4440 488 4495 velit
504 4440 539 4496 Β.
