3246 5296
762 517 916 614 *20—

275 703 412 770 immume
441 708 616 786 tropaeam,
648 701 834 785 Auspicium
870 707 904 768 et
933 702 1072 783 Aellam,
1105 724 1187 789 quos
1216 703 1401 770 inconsulta

276 806 406 874 domina
436 805 560 873 Venere
592 804 754 890 coniugali
782 805 910 872 foedere
949 808 1167 874 coniunxerat.
1221 807 1272 875 Sic
1301 809 1400 893 igitur

275 910 416 996 eleganti
427 931 532 995 neque
545 909 656 992 inepta
669 909 795 975 ratione
804 930 962 994 personae
972 911 1179 996 epithalamio
1189 911 1400 978 celebrandae

273 1012 381 1080 induci
402 1013 559 1094 videntur,
583 1034 719 1098 quorum
741 1013 780 1078 de
802 1014 888 1079 vitae
910 1018 997 1081 statu
1025 1019 1058 1080 et
1080 1014 1275 1097 condicione,
1297 1035 1399 1101 quan·

273 1122 343 1184 tum
365 1119 493 1184 omnino
515 1137 697 1200 possumus,
719 1117 801 1183 haec
821 1117 891 1184 fere
911 1117 1135 1202 imaginamur.

358 1220 532 1305 Auspicius
554 1225 588 1286 et
609 1219 709 1302 Aella,
731 1219 862 1287 iuvenes
890 1221 1028 1287 Romani
1057 1223 1099 1308 (v.
1129 1224 1170 1289 89
1200 1231 1269 1307 sq.),
1291 1222 1355 1290 iam
1377 1244 1398 1291 a

273 1327 377 1410 prima
398 1325 540 1408 pueritia
561 1346 581 1390 a
602 1324 793 1408 parentibus
815 1324 971 1391 destinati
994 1329 1087 1392 erant
1116 1325 1172 1408 qui
1192 1326 1397 1394 matrimonio

274 1428 546 1512 coniungerentur
568 1435 607 1509 (r.
632 1428 697 1515 75).
741 1427 819 1494 Una
836 1437 912 1493 'eum
942 1429 1107 1496 aetatibus
1136 1429 1343 1498 adolescebat
1362 1433 1396 1498 in

272 1534 312 1601 iis
335 1539 463 1601 sauctae
487 1532 636 1599 Palladis
653 1533 751 1616 order
773 1539 811 1613 (u.
827 1537 895 1614 67);
917 1533 1080 1600 Patricius
1092 1555 1168 1617 par,
1185 1533 1300 1619 inquit,
1318 1556 1396 1603 eura

272 1641 396 1706 animo:
427 1636 550 1704 scilieet
579 1633 763 1702 litterarum
801 1656 880 1702 cura
912 1636 993 1702 satis
1026 1637 1060 1702 in
1090 1637 1259 1722 utriusque
1289 1640 1394 1705 animo

270 1743 384 1808 valuit:
408 1745 443 1807 at
465 1738 570 1806 defuit
591 1738 697 1806 adhuc
718 1761 817 1804 unum
832 1739 914 1804 illud
932 1740 1166 1825 gravissimum,
1190 1741 1292 1807 defuit
1307 1742 1394 1826 priu-

271 1866 346 1930 ceps
374 1863 566 1929 sponsorum
594 1863 686 1908 eura:
714 1843 901 1908 nesciebant
930 1843 1064 1910 Veneris
1092 1844 1240 1911 ardorem
1248 1885 1258 1925 ,1
1283 1846 1319 1913 id
1346 1851 1395 1914 est

270 1969 420 2016 amorem.
463 1945 679 2012 Nihilominus
701 1945 939 2012 matrimonium
960 1946 1007 2044 ht.
1053 1947 1123 2026 Quo
1146 1946 1233 2013 facto
1256 1950 1393 2018 eRoma

270 2052 389 2137 egressi
418 2053 483 2117 iter
512 2049 637 2116 faciunt
664 2050 698 2114 in
736 2049 914 2116 Graeciam.
966 2050 1074 2134 Atque
1104 2054 1175 2115 tum
1204 2052 1331 2119 demum
1359 2054 1392 2120 in

267 2157 384 2223 itinere
412 2157 550 2240 primum
578 2159 774 2239 cognoscunt
804 2175 962 2236 amorem,
992 2155 1027 2221 in
1053 2155 1169 2221 itinere
1196 2155 1230 2220 in
1258 2157 1391 2230 Veneris

268 2263 330 2327 uim
351 2260 505 2326 incidunt.
549 2258 692 2324 Fuerunt
709 2262 818 2324 autem
834 2261 868 2325 in
886 2258 1106 2325 Thessalia
1123 2258 1237 2342 procul
1254 2279 1275 2325 a
1291 2259 1391 2325 libro·

248 2385 340 2430 -rum
362 2363 520 2443 doctrina,
542 2361 575 2426 in
597 2361 711 2427 mediis
737 2363 821 2428 veris
850 2362 972 2428 deliciis
1001 2367 1100 2447 atqua
1127 2367 1262 2428 naturae
1284 2383 1390 2428 amoe-

266 2467 435 2536 nitatibus.
464 2467 550 2552 Ergo
567 2466 602 2532 in
618 2465 801 2532 Thessaliae
819 2466 939 2549 Tempe
956 2469 1054 2550 poeta
1069 2463 1175 2532 locum
1192 2465 1390 2533 bellissimae
1477 2449 1488 2466 ⁹

265 2571 353 2640 illius
374 2570 513 2638 fabellae
529 2590 603 2637 esee
619 2568 734 2649 refert,
761 2571 813 2635 cui
836 2589 929 2636 veras
954 2589 1145 2654 sponsorum
1159 2591 1221 2637 res
1242 2570 1389 2636 intexuit.

351 2676 434 2743 Ecce
464 2677 574 2742 autem
604 2673 763 2758 allegoria
788 2672 839 2739 vel
870 2672 1048 2759 symbolica
1079 2673 1204 2740 fictioni
1232 2674 1390 2759 impressa

265 2779 405 2863 speciest
455 2777 577 2844 Narrat
612 2778 696 2842 enim
732 2781 830 2861 poeta
859 2797 917 2861 per
950 2799 985 2844 se
1021 2777 1124 2843 solum
1160 2777 1387 2863 Hymenaeum,

267 2881 434 2968 Calliopae
455 2877 556 2948 filium
587 2881 766 2948 inconsulta
788 2879 898 2946 Dicae
927 2888 966 2962 (v.
989 2885 1041 2962 59)
1070 2881 1121 2947 vel
1149 2881 1239 2948 elasa
1260 2882 1389 2948 domina

266 3007 310 3053 sc.
339 2987 463 3055 Veners
498 2992 538 3066 (v.
569 2990 621 3065 77)
657 3004 792 3067 sponsos
828 2985 1041 3050 coniunxisse.
1092 2985 1207 3067 ltaque
1235 3003 1306 3050 cum
1335 3005 1387 3051 res

265 3097 353 3158 esset
374 3090 443 3156 sine
467 3090 607 3169 Venere,
636 3088 717 3153 haec
737 3088 921 3172 indignata,
944 3087 1031 3171 quod
1057 3091 1185 3153 tantum
1213 3108 1311 3155 ausus
1334 3090 1386 3168 sit,

265 3192 484 3280 Hymenaeum
505 3193 624 3277 culpat,
647 3213 739 3277 quem
761 3191 856 3258 nimis
884 3197 1050 3259 maternos
1078 3192 1201 3276 rigores
1222 3193 1273 3260 vel
1294 3192 1386 3278 pudi-

264 3298 373 3365 citiam
401 3299 617 3382 amplexatum
645 3318 716 3363 esse
746 3298 834 3364 dicit.
884 3299 966 3363 Nam
996 3296 1058 3363 tali
1088 3316 1192 3378 more,
1222 3301 1262 3362 ut
1292 3296 1387 3363 addit

262 3401 536 3483 Wemsdorfius1),
560 3401 752 3467 credebatur
780 3420 851 3468 esse
879 3400 1038 3485 Calliope,
1067 3421 1149 3486 quae
1176 3401 1311 3468 heroum
1334 3422 1385 3468 re-

263 3527 401 3591 gumque
423 3510 517 3591 gesta
538 3511 571 3573 et
592 3505 692 3571 fortia
713 3506 801 3572 facta
822 3505 991 3571 dicebatur
1015 3526 1140 3587 canere,
1164 3526 1230 3572 uon
1258 3525 1384 3572 amores

262 3616 296 3677 et
316 3611 418 3677 lusus.
461 3609 555 3676 Nunc
576 3615 693 3690 autem,
710 3615 880 3694 postquam
899 3608 1069 3693 Auspicius
1092 3614 1124 3676 et
1141 3609 1233 3675 holla
1249 3608 1384 3676 Veneris

261 3714 433 3800 potestatis
461 3713 542 3780 faeti
571 3719 661 3794 sunt,
691 3733 744 3779 res
773 3714 869 3798 quasi
897 3712 937 3780 de
965 3713 1091 3798 integro
1119 3713 1240 3798 incipit.
1292 3711 1385 3778 Nune

262 3816 565 3884 administrantibus
587 3818 649 3883 dea
671 3816 848 3883 Concordia
870 3820 903 3883 et
931 3820 1046 3884 sancta
1067 3816 1146 3883 Fide
1174 3815 1287 3883 foedus
1309 3835 1382 3881 con-

260 3919 410 3988 firmatur
437 3927 470 3987 et
497 3922 569 4006 ipsa
598 3923 721 3987 Venere
751 3921 831 3987 duce
860 3941 979 4004 pompa
1007 3919 1142 4006 genialis
1170 3919 1381 3999 instauratur,

261 4044 325 4107 qua
348 4015 460 4109 sponsi
481 4023 614 4089 Romam
637 4023 798 4090 ducantur
820 4023 862 4090 ad
890 4043 1000 4089 verum
1027 4021 1268 4090 matrimonium
1296 4022 1382 4108 apud

258 4129 383 4211 patrios
405 4132 537 4212 penates
560 4129 797 4195 celebrandum.

343 4231 452 4297 Habes
482 4232 678 4299 carminis
701 4239 999 4326 argumentum,
1022 4231 1125 4315 quod,
1148 4231 1231 4298 siin
1254 4231 1381 4297 univer·

344 4459 363 4528 ¹)
381 4457 399 4512 l.
418 4457 436 4512 l.
453 4474 482 4527 p.
498 4457 550 4512 486
567 4457 617 4512 sub
631 4457 672 4512 82.
