3246 5296
823 525 976 621 —sa—

336 712 439 779 dioto:
474 731 530 778 aee
560 709 662 777 adbuc
689 705 813 794 puerile
842 715 998 778 soeeebo.
1054 711 1137 776 Nam
1165 711 1287 778 Statius
1315 709 1461 777 similiter

335 816 435 882 habet
457 813 533 883 Silv.
556 813 606 879 III
630 818 658 895 5,
680 817 738 878 25:
760 819 790 880 et
810 814 913 881 adbuc
933 814 1068 881 iuvenile
1088 820 1262 899 requietem.

420 917 545 984 Deinde
573 937 591 983 e
620 916 726 983 Statio
754 915 875 984 hausta
902 917 1049 983 videntur
1077 917 1173 983 hacc:
1210 940 1238 985 v.
1270 922 1325 984 54:
1360 917 1460 982 Meroe

229 1089 234 1101 ,
335 1022 393 1089 sub
407 1021 484 1100 Eoo,
506 1041 642 1106 quocum
661 1017 701 1086 cf.
716 1019 814 1086 Theb.
828 1019 874 1086 IX
889 1025 966 1086 605:
991 1021 1076 1087 Rere
1092 1022 1151 1087 sub
1165 1021 1241 1089 Eoo.
1265 1021 1346 1087 Item
1358 1043 1387 1087 v.
1401 1023 1458 1084 45:

332 1127 446 1210 festae
466 1130 542 1203 coto,
571 1144 707 1209 quocum
729 1122 770 1192 cf.
800 1123 897 1190 Theb.
928 1123 1053 1189 V175:
1085 1124 1235 1190 Festinus
1262 1127 1333 1191 coti.
1376 1123 1459 1189 Item

333 1252 362 1297 v.
387 1234 442 1294 66:
473 1228 590 1295 studiis
620 1227 767 1293 Helieone
790 1229 910 1310 petitis,
942 1247 1079 1311 quocum
1108 1226 1147 1292 cf.
1176 1225 1250 1294 silv.
1280 1227 1378 1307 1116,
1402 1232 1457 1291 ll:

332 1333 491 1415 medioque
514 1331 659 1397 Helieone
677 1332 794 1415 petitus
819 1330 934 1396 Sermo.
973 1330 1117 1414 Denique
1139 1330 1222 1395 illud
1239 1351 1266 1394 v.
1288 1335 1344 1396 31:
1367 1331 1458 1412 liqei

333 1438 409 1504 dure
440 1436 557 1502 eber
578 1435 688 1516 iebor,
715 1453 853 1518 quocum
883 1433 922 1498 ci.
955 1431 1029 1501 Silv.
1059 1432 1091 1498 Il
1120 1437 1153 1514 2,
1185 1438 1242 1499 43:
1282 1439 1311 1500 et
1343 1431 1458 1500 Phoebi

332 1545 473 1606 terrerem
493 1539 596 1604 iebor.
722 1529 725 1536 ’

418 1642 487 1708 Hoc
509 1640 604 1708 simul
625 1639 770 1725 exemplo
791 1640 825 1706 id
847 1637 1063 1720 confirmatur,
1093 1638 1180 1723 quod
1208 1660 1307 1724 supra
1328 1643 1457 1705 conten·

333 1745 449 1826 dimus,
474 1744 632 1830 quaedam
655 1742 744 1810 dicta
772 1764 811 1809 ex
839 1742 1020 1810 imitatione
1047 1740 1260 1808 vetustiorum
1287 1747 1457 1826 poetarum

331 1849 366 1914 in
397 1848 542 1915 excuntis
574 1845 781 1932 antiquitatis
810 1847 902 1931 poesi
931 1845 1137 1914 increbuisse.
1184 1846 1268 1912 Nam
1288 1840 1393 1912 'ctiam
1422 1845 1457 1910 in

332 1951 473 2018 carmine
501 1949 588 2036 quod
617 1949 820 2015 inscribitur:
850 1949 896 2015 de
925 1948 990 2016 die
1019 1948 1189 2014 occiduo
1219 1948 1356 2034 (anthol.
1384 1947 1454 2015 Lat.

330 2055 380 2122 ed.
403 2054 497 2120 Riese
518 2056 590 2132 238,
616 2055 648 2138 1)
669 2052 801 2137 legitur:
823 2052 962 2118 nitidem
986 2051 1128 2119 Phoebos
1149 2052 1251 2118 tabor.

415 2157 484 2222 lam
511 2175 586 2222 vero
616 2173 701 2239 quae
729 2174 801 2220 cum
829 2153 963 2234 Tibulli,
991 2154 1152 2237 Propertii
1182 2151 1302 2220 Catulli
1330 2153 1456 2220 dicendi

332 2259 515 2326 rationibus
541 2257 748 2341 reperiantur
778 2256 1006 2324 similitudines
1040 2256 1227 2341 prolaturus
1256 2255 1365 2322 facere
1391 2277 1457 2322 non

330 2383 472 2450 possum,
495 2362 572 2446 quin
595 2359 703 2427 fatear
724 2361 879 2428 nonnulla
908 2361 1025 2441 exiis,
1055 2381 1138 2445 quae
1167 2365 1355 2446 sequuntur,
1384 2381 1456 2426 cum

332 2467 482 2534 cautione
504 2486 524 2531 a
546 2487 595 2530 me
616 2465 745 2549 prolata
766 2468 800 2529 ct
820 2464 1007 2548 recipienda
1029 2484 1109 2532 esse.

414 2570 543 2636 Etenim
563 2570 649 2635 tales
666 2574 703 2633 ut
723 2567 785 2634 hae
802 2570 975 2636 verborum
997 2569 1251 2636 coniunctiones:
1274 2573 1361 2636 tenui
1377 2575 1457 2636 ceste

328 2679 368 2761 (v.
394 2677 456 2755 16),
479 2675 539 2739 leci
560 2693 658 2738 curru
686 2675 724 2755 (v.
749 2674 814 2758 28),
838 2693 924 2756 prere
952 2673 1037 2739 coelo
1068 2675 1109 2758 (v.
1134 2677 1188 2758 73)
1221 2675 1284 2740 etsi
1305 2674 1455 2743 Tibullo

328 2768 439 2843 deberi
456 2775 636 2857 videantur,
655 2774 774 2860 quippe
792 2775 900 2861 quiin
917 2775 1030 2843 eodem
1048 2776 1096 2842 rei
1113 2780 1266 2842 contextu
1282 2776 1332 2842 ita
1349 2777 1456 2842 dicere

327 2885 413 2945 amet
433 2917 473 2928 -
493 2879 532 2944 of.
554 2880 571 2945 I
595 2885 644 2960 10,
667 2884 705 2943 61
730 2879 770 2945 de
792 2879 917 2962 puella:
939 2887 1093 2948 tererem
1113 2882 1290 2948 rescindere
1310 2886 1456 2968 restem

327 2986 361 3046 ei
381 2983 426 3049 IV
451 2989 478 3064 1,
504 2985 564 3050 130
588 2984 813 3049 convenienter
836 2982 971 3050 dedeo:
1001 2985 1147 3068 Iuppiter
1169 2987 1236 3069 bose
1259 2984 1337 3051 leri
1352 2990 1456 3050 vates

327 3108 453 3152 curre
471 3091 503 3152 et
520 3087 565 3151 IV
588 3093 614 3168 1,
637 3091 690 3152 1οι
707 3083 814 3170 pero
835 3092 991 3154 testentur
1011 3089 1120 3154 cidem
1141 3089 1252 3155 coelo
1274 3127 1325 3171 —,
1346 3093 1454 3154 tamen

327 3188 423 3256 facile
437 3191 635 3274 intellegitur
649 3189 776 3254 omnino
790 3188 873 3256 talia
889 3191 997 3274 poetis
1014 3190 1183 3275 placuisse,
1201 3193 1248 3258 ita
1265 3195 1303 3256 ut
1319 3191 1455 3274 exempli

326 3294 435 3378 gratia
450 3315 573 3377 perere
594 3293 716 3359 coelem
738 3292 868 3377 saepius
896 3299 1058 3371 occurrat;
1087 3294 1186 3360 veluti
1209 3293 1374 3378 Calpurnii
1395 3294 1453 3361 ecl.

325 3396 764 3480 lv.77:peroreoeierrr
784 3387 1074 3464 vicesimeeceio.
1357 3381 1363 3392 ⁴
1435 3387 1439 3393 ’

411 3498 438 3563 Ε
460 3498 588 3564 Tibullo
612 3497 762 3582 deinceps
784 3500 944 3583 expressit
964 3500 1124 3567 Patricius
1146 3499 1225 3565 illud
1247 3521 1274 3568 v.
1298 3504 1356 3566 46:
1378 3500 1454 3566 dere

325 3623 397 3688 spes
410 3603 484 3684 alit·
505 3601 544 3668 cf.
559 3602 628 3669 Tib.
643 3601 716 3684 117,
732 3607 766 3668 3:
786 3623 859 3689 spes
872 3605 940 3670 alit.
978 3604 1060 3669 Item
1079 3603 1123 3670 ad
1135 3603 1256 3669 Tibulli
1274 3603 1452 3686 exemplum

326 3707 538 3790 compositum
559 3705 685 3796 yidetur
706 3729 733 3771 v.
758 3711 815 3772 81:
837 3707 971 3772 nimirem
992 3707 1292 3794 subtrepidare,
1315 3726 1452 3790 quocum

325 3808 364 3877 cf.
386 3809 432 3875 IV
454 3813 483 3890 8,
507 3813 541 3874 5:
570 3810 720 3890 nimium,
752 3809 914 3890 Messeis,
942 3812 1004 3876 mei
1030 3810 1176 3876 obediere.
1219 3809 1326 3893 Atque
1354 3809 1452 3877 etiam

325 3913 367 3979 ad
389 3911 509 3978 Tibulli
531 3910 661 3979 dicendi
682 3912 839 3978 rationem
863 3917 987 3997 spectat
1007 3935 1035 3979 v.
1057 3917 1114 3979 48:
1142 3915 1251 3998 fremit
1276 3915 1452 4000 petilentia

324 4020 417 4098 eceiu,
442 4035 580 4100 quocum
602 4015 642 4082 cf.
665 4016 710 4081 lV
737 4023 763 4097 1,
784 4021 843 4081 45:
863 4017 981 4100 fremet
1001 4019 1213 4084 inconstantia
1232 4017 1327 4101 celei.

408 4119 520 4203 Neque
549 4121 742 4206 Propertii
778 4119 907 4203 quidem
942 4121 1109 4205 vestigium
1138 4121 1243 4187 deest:
1279 4121 1358 4187 dicit
1386 4123 1450 4188 Pa·

323 4221 438 4290 tricius
459 4244 489 4292 v.
513 4225 569 4289 69:
591 4225 716 4310 spicula
742 4225 850 4290 indere
873 4213 1056 4311 pectoribus,
1082 4223 1169 4308 quod
1199 4224 1347 4291 similiter
1369 4226 1450 4291 Pro-

261 4337 262 4342 ’
322 4326 448 4410 partius
470 4329 624 4412 expressit
642 4328 749 4394 dicens
766 4326 804 4393 ἸΙ
825 4333 873 4409 10,
898 4330 932 4393 11

428 4455 431 4460 ¹
451 4428 628 4515 Spicula
649 4435 731 4514 quot
751 4433 863 4499 nostro
885 4435 1056 4516 pectore
1079 4428 1179 4515 figit
1201 4433 1331 4500 Amor.
1412 4458 1414 4462 ·
