3246 5296
665 521 819 617 „32-

177 705 317 773 animam
339 708 457 775 ducere
480 712 579 789 atque
600 707 705 774 vivere
727 707 856 774 videtur
879 705 1029 775 carminis
1047 706 1195 775 elocutio.
1218 707 1310 788 Quod

176 809 230 875 vix
250 811 298 877 ita
320 831 354 877 se
372 810 492 878 habere
510 816 629 898 posset,
652 811 714 878 nisi
728 813 827 878 etiam
848 812 1038 899 propria,
1061 833 1158 897 qnam
1176 811 1310 880 adhibet

177 919 285 1000 poeta,
309 916 439 982 dictio
461 916 494 981 in
518 937 552 982 se
574 916 731 983 concinna
759 922 856 1000 atque
879 916 961 982 satis
989 916 1096 983 vivida
1123 921 1308 1003 appareret.

264 1035 357 1113 Quod
379 1039 416 1101 ut
438 1036 552 1102 melius
576 1057 815 1122 cognoscamus,
841 1038 956 1125 paucis
979 1037 1131 1123 deinceps
1153 1035 1308 1124 exemplis

176 1137 262 1204 hanc
283 1137 419 1204 Patricii
440 1138 655 1206 elocutionem
676 1141 844 1227 propriam
864 1140 1031 1208 illustrare
1053 1161 1213 1208 conemur.

134 1279 136 1283 ·
264 1258 523 1327 Concinnitatem
555 1281 631 1328 vero
668 1261 861 1328 elocutionis
898 1267 1007 1329 servat
1035 1261 1198 1330 Patricius
1229 1280 1308 1326 non-

176 1363 275 1430 nullis
299 1364 544 1450 antiquissimae
565 1365 745 1433 latinitatis
773 1366 913 1433 flosculis
942 1388 1028 1448 usus,
1060 1365 1116 1452 qui
1145 1365 1188 1433 ab
1216 1365 1309 1431 nobi·

175 1466 312 1534 lioribus
334 1469 441 1555 poetis
463 1470 617 1558 usurpari
639 1473 753 1537 solent.

264 1587 317 1653 Sic
342 1588 443 1655 habet
469 1590 551 1656 illud
578 1591 797 1677 Vergilianum
826 1593 883 1659 otti
909 1611 938 1656 v.
963 1594 1003 1656 66
1034 1589 1089 1679 [cf.
1112 1588 1206 1675 Verg.
1228 1590 1308 1656 Aen.

177 1690 205 1757 v
230 1696 300 1771 197,
324 1691 385 1758 211
408 1698 479 1775 222,
500 1693 563 1760 ΧΠ
586 1697 673 1782 vsa}

263 1813 388 1880 Deinde
410 1813 539 1882 dativus
562 1817 636 1884 1222
658 1821 750 1882 extat
777 1839 805 1882 v.
836 1821 887 1896 47,
918 1817 1009 1883 onius
1036 1812 1186 1882 licentiae
1214 1837 1309 1882 usum

176 1917 296 1982 iterum
335 1940 408 1984 cum
443 1919 577 2004 Vergilii
617 1924 812 1988 anctoritate
849 1921 912 1988 sibi
947 1921 1076 1988 videtur
1111 1921 1308 1988 concessisse

179 2021 233 2108 [of.
256 2024 351 2108 Verg.
375 2014 454 2089 Aen.
477 2024 525 2089 111
548 2029 609 2090 292
634 2026 698 2092 dat.
717 2031 827 2112 porta3
849 2026 928 2093 Aen.
951 2023 999 2089 III
1025 2023 1172 2090 241021.
1195 2045 1309 2107 amm

178 2129 324 2195 Aemili
347 2131 409 2194 692
433 2127 499 2196 121.
520 2130 618 2216 siaa}

262 2249 334 2314 Huc
354 2249 520 2335 pertinent
541 2251 639 2316 etiam
661 2249 722 2316 hae
744 2250 878 2317 Patricii
900 2247 1040 2316 formae:
1062 2271 1091 2317 v.
1112 2255 1154 2316 64
1171 2256 1310 2318 tentarat

178 2355 211 2417 et
227 2373 255 2418 v.
277 2355 496 2421 2222222221
517 2352 571 2441 [cf.
596 2353 651 2421 Sil.
675 2354 750 2421 1121.
768 2355 861 2420 XVII
886 2359 945 2420 109
964 2355 1156 2440 semmaath
1179 2354 1219 2420 de
1239 2356 1308 2438 qui·

177 2453 239 2520 bus
268 2456 381 2522 formis
407 2461 584 2525 contractis
607 2458 647 2527 of.
674 2457 710 2522 L.
736 2457 905 2538 Schefflcr,
934 2457 982 2524 De
1010 2457 1148 2541 perfecti
1175 2458 1212 2523 in
1240 2462 1309 2541 ‚‚ot‘“

178 2561 324 2626 exeuntis
346 2561 458 2627 formis
482 2561 598 2642 (Marb.
625 2567 719 2643 1890)
741 2585 774 2648 p.
799 2567 838 2627 33
862 2582 942 2647 sqq,
968 2567 1017 2628 39.

263 2683 410 2767 Denique
431 2702 541 2748 vocem
562 2685 713 2768 mysterio
740 2705 768 2750 v.
791 2687 833 2747 87
862 2682 1022 2748 Patricius
1051 2682 1201 2749 Ovidiani
1222 2683 1309 2750 illins

177 2786 241 2852 loci
262 2806 399 2852 memor:
423 2788 462 2852 de
485 2792 546 2855 art.
566 2809 627 2854 am.
646 2788 759 2853 11609
790 2787 919 2854 Verteris
939 2791 1099 2872 emeterio,
1121 2787 1310 2854 adhibuisse

80 2909 84 2920 ’
177 2889 313 2958 videtur.

265 2994 416 3062 (laterum
447 3017 573 3083 semper
603 2996 637 3062 id
668 3000 718 3062 est
749 2995 963 3077 retinendum,
995 2996 1083 3079 quod
1114 3015 1179 3082 quo
1209 2995 1312 3079 magis

181 3099 315 3185 aliquod
337 3121 467 3167 carmen
490 3105 563 3188 ipsa
585 3102 666 3166 certi
688 3099 758 3166 aevi
781 3101 861 3166 vitia
881 3122 960 3188 prae
989 3119 1024 3166 22
1052 3101 1137 3167 12222
1158 3099 1312 3180 videmus,

179 3224 217 3270 eo
241 3202 370 3270 facilins
401 3203 435 3270 id
465 3205 542 3271 hnic
572 3225 650 3271 aevo
679 3205 867 3270 addicimus.
911 3206 1026 3290 ltaque
1056 3207 1085 3271 si
1113 3206 1148 3270 in
1177 3203 1313 3270 Patricii

180 3315 322 3377 ceteram
351 3309 567 3376 elocutionem
595 3309 759 3393 inquirere
786 3310 904 3395 placet,
932 3328 974 3374 ne
1002 3310 1131 3376 mireris
1159 3309 1200 3375 de
1228 3308 1312 3374 vitiis

178 3418 309 3482 tantum
330 3414 429 3480 verba
450 3436 510 3481 noe
533 3414 640 3479 facere
668 3412 788 3480 videns.
833 3412 964 3479 Scilicet
992 3415 1078 3497 quod
1107 3414 1151 3481 ad
1175 3415 1312 3479 virtutes

180 3522 310 3601 attinet,
340 3520 454 3605 quinto
485 3517 615 3586 saeculo
643 3538 707 3583 non
736 3515 874 3582 multum
903 3537 1015 3584 earum
1041 3518 1218 3599 invenitur,
1249 3516 1314 3583 nisi

180 3643 265 3706 quae
288 3628 365 3688 sunt
385 3623 418 3689 in
440 3625 513 3710 ipsa
534 3620 748 3687 vetustiorum
776 3621 973 3704 imitatione;
1001 3643 1067 3707 qua
1095 3621 1226 3707 quddam
1254 3641 1311 3686 nc-

179 3731 284 3792 strum
306 3725 415 3792 valere
436 3725 517 3792 satis
538 3725 686 3792 vidimus.

266 3829 365 3915 Atqui
388 3828 430 3895 ad
451 3827 618 3894 inferioris
646 3827 822 3893 latinitatis
851 3827 931 3894 vitia
959 3827 1041 3894 haec
1068 3824 1240 3893 referenda
1261 3833 1313 3893 est

180 3934 374 4021 proprietas,
413 3953 510 4017 quam
548 3931 691 3997 breviter
729 3931 940 4016 attingamus.
991 3930 1076 3997 Nam
1115 3931 1203 3996 illius
1241 3931 1313 3997 aevi

180 4043 296 4124 poetas
324 4056 385 4122 pro
417 4035 630 4120 simplicibns'
646 4035 830 4122 composita
864 4055 1025 4121 usurpare
1054 4035 1153 4101 verba
1182 4055 1313 4101 amasse

181 4146 325 4222 constat3
350 4139 437 4224 qnod
464 4159 505 4204 ne
534 4139 713 4205 Patricium
744 4139 874 4222 quidem
902 4139 1057 4206 vitavisse
1087 4138 1168 4206 satis
1196 4137 1313 4205 docent

182 4240 329 4328 exempla
350 4246 388 4308 nt
409 4265 438 4309 v.
462 4245 502 4307 26
525 4247 616 4309 2185
639 4243 815 4308 revelantia
832 4246 866 4307 21
883 4242 1044 4323 recolens,
1069 4264 1096 4309 v.
1118 4247 1158 4307 50
1171 4248 1312 4328 prosata,

181 4347 213 4411 in
237 4345 355 4431 quibus
378 4345 558 4432 praefixum
581 4345 703 4411 nullam
725 4346 790 4410 vim
820 4345 929 4414 habet.
977 4345 1047 4411 Vox
1073 4353 1224 4432 precatus
1251 4366 1312 4433 pro

182 4450 321 4536 simplici
338 4455 429 4516 ectus
447 4451 534 4536 apud
551 4448 723 4516 inferiores
741 4455 857 4535 poetas
875 4448 1019 4517 crebrius
1038 4451 1181 4515 occurrit
1197 4467 1313 4535 nempe
