3246 5296
755 1007 931 1143 eaput
963 1003 1044 1115 II.

424 1232 581 1311 Quoniam
610 1233 710 1317 igitur
740 1232 780 1299 de
810 1230 939 1300 Barthii
972 1229 1035 1295 fide
1066 1227 1284 1301 dubitationes
1314 1228 1368 1292 vix
1388 1226 1462 1291 'iam

337 1342 475 1421 possunt
496 1336 632 1417 admitti,
654 1341 757 1404 restat
773 1341 812 1400 ut
832 1355 901 1402 rem
922 1333 1107 1399 decidamus
1129 1332 1314 1399 accuratius
1337 1329 1460 1416 discep-

338 1441 456 1519 tantes,
487 1443 645 1524 quatenus
673 1440 761 1506 illius
792 1438 832 1506 de
853 1437 994 1504 Patricio
1017 1435 1219 1515 sententiam,
1246 1454 1341 1519 quem
1362 1435 1461 1516 sorbo·

338 1546 435 1608 torem
455 1546 562 1626 utique
582 1549 713 1610 oderem
733 1565 789 1610 aec
805 1542 981 1626 irnprobura
989 1543 1014 1627 ¹)
1037 1541 1195 1627 appellat,
1217 1537 1312 1605 nobis
1334 1537 1462 1622 quidem

339 1646 431 1729 sequi
452 1643 558 1714 liceat.
1216 1725 1218 1732 .

423 1747 550 1814 Etenim
569 1749 597 1815 si
615 1749 763 1830 omnium,
782 1768 866 1833 quae
884 1747 989 1814 adhuc
1007 1745 1184 1826 attulimus,
1201 1748 1462 1829 argumentorum

339 1871 497 1916 summam
531 1851 683 1932 facimus,
702 1881 705 1887 .
722 1851 805 1917 nihil
839 1850 949 1917 obstat
983 1852 1060 1935 quin
1094 1848 1222 1915 Barthii
1255 1850 1347 1935 prins
1381 1847 1462 1913 illud

338 1958 521 2038 scriptorem
541 1958 648 2040 utiquc
668 1961 799 2022 caerem
822 1954 996 2042 probemus
1019 1951 1285 2041 epithalamiique
1307 1952 1462 2038 originem

339 2056 382 2123 ad
405 2060 590 2142 quintum
619 2060 828 2126 saeculum
857 2079 1058 2138 revocemus,
1088 2057 1203 2140 quibus
1231 2058 1369 2123 maxime
1391 2077 1462 2122 cum

338 2160 538 2247 temporibus
552 2163 659 2228 omnia
671 2162 731 2227 illa
744 2161 849 2228 adhue
861 2163 895 2227 in
912 2161 1051 2227 medium
1067 2161 1198 2247 prolata
1209 2160 1330 2226 indicia
1343 2162 1463 2247 optime

339 2265 550 2330 consentiant.
592 2265 676 2343 Quid
695 2264 780 2348 quod
799 2285 837 2331 ea
855 2268 964 2331 aetate
982 2265 1112 2330 nomina
1124 2263 1257 2329 Patrioii
1271 2267 1304 2329 et
1319 2263 1464 2350 Auspicii

337 2367 509 2434 usitatiora
523 2367 623 2435 fuisse
635 2369 796 2434 vidimus?
818 2367 903 2447 Quid
917 2367 1004 2451 quod
1022 2387 1060 2434 ea
1078 2371 1195 2448 aetate,
1214 2388 1279 2451 qua
1294 2366 1463 2434 Claudiani

338 2470 507 2560 praeclaro
530 2472 675 2559 exemplo
696 2477 818 2538 mentes
839 2471 1005 2537 hominum
1027 2472 1069 2537 ad
1090 2472 1274 2537 litterarum
1297 2493 1336 2542 ao
1356 2473 1463 2558 poesis

340 2576 483 2642 studium
492 2597 605 2642 rursus
620 2581 652 2641 et
669 2580 738 2640 tum
748 2575 877 2660 quidem
886 2580 1047 2661 postremo
1057 2574 1248 2661 inflammari
1261 2574 1462 2652 videbantur,

338 2683 454 2767 poetas
474 2678 537 2746 hoc
558 2679 760 2766 potissimum
782 2677 1058 2765 epithalamiorum
1087 2679 1194 2765 poesis
1223 2698 1339 2761 genere
1361 2677 1463 2744 delec-

338 2788 424 2850 tatos
447 2805 518 2851 esse
541 2784 682 2850 scimus?

424 2887 532 2973 Atque
549 2887 593 2954 ad
610 2886 745 2954 eandem
763 2891 903 2953 aetatem
919 2887 1056 2954 maxime
1074 2888 1181 2968 talem,
1204 2907 1288 2971 quae
1305 2889 1338 2952 in
1351 2891 1463 2952 nostro

340 2991 480 3060 carmine
511 2991 666 3073 occurrit,
703 2990 873 3057 Claudiani
906 2989 1118 3056 imitationem
1146 2991 1267 3078 optime
1302 2989 1464 3075 quadrare

340 3113 411 3161 cum
433 3117 492 3182 per
514 3117 630 3176 rerum,
659 3115 741 3180 quae
764 3098 842 3160 tuno
864 3097 968 3172 erant,
997 3099 1146 3160 naturam
1171 3092 1373 3180 intellegitur
1394 3099 1463 3158 tum

339 3197 488 3285 plurimis
511 3191 649 3265 aliorum
671 3198 849 3264 carminum
870 3197 1026 3284 exemplis
1048 3197 1129 3262 satis
1151 3197 1403 3285 confirmaturi)

425 3301 571 3386 Denique
589 3322 693 3384 neque
708 3300 834 3367 omnino
853 3299 895 3368 ab
912 3298 1076 3367 inferioris
1094 3302 1163 3366 aevi
1179 3302 1304 3380 indiciis
1317 3323 1421 3387 neque
1444 3324 1465 3369 a

339 3405 426 3472 vitiis
441 3407 577 3490 'quidem
607 3407 695 3472 illius
714 3405 836 3473 astatis
871 3405 1010 3471 alienum
1039 3425 1109 3470 esse
1130 3406 1275 3472 -Patricii
1304 3406 1463 3494 epithala-

339 3509 438 3576 mium
459 3511 557 3576 etiam
589 3511 705 3577 clarius
737 3509 925 3596 apparebit,
947 3510 974 3575 si
1005 3508 1048 3575 ad
1070 3513 1236 3576 ceteras
1268 3510 1463 3577 carminis

339 3615 626 3701 proprietates
648 3633 707 3701 per
728 3613 857 3698 singula
879 3611 1068 3680 tractandas
1091 3613 1330 3680 accesserimus.

428 3807 446 3876 ¹)
464 3805 545 3860 Adde
563 3803 746 3859 Wernsdorfii
770 3804 936 3858 sententiam
961 3801 1000 3872 (P.
1018 3804 1050 3855 L.
1068 3803 1105 3856 M.
1116 3803 1154 3857 IV
1171 3805 1188 3856 2
1205 3821 1232 3872 p.
1251 3804 1326 3873 472lz
1350 3805 1407 3859 Nec
1423 3810 1463 3858 ia·

334 3891 480 3962 fitrbbitur,
506 3891 553 3959 qui
578 3891 643 3960 tepet
669 3889 714 3960 [sc.
733 3889 847 3943 Patrioii
869 3888 1102 3960 epithalamium],
1131 3890 1266 3958 aaaron
1287 3895 1383 3958 poetae
1407 3905 1465 3945 noa

338 3979 509 4032 tamarum
535 3981 561 4030 ct
582 3975 726 4038 ,brumam
742 3976 820 4030 'satra
844 3975 1011 4044 splendidam
1036 3975 1066 4029 ia
1091 3991 1121 4029 eo
1147 3991 1279 4045 apparere
1303 3978 1331 4029 et
1354 3974 1465 4028 Baehrii

342 4060 516 4132 (Geschiohte
534 4061 584 4115 der
601 4063 669 4114 rbrn.
687 4061 754 4114 Litt.
786 4064 810 4114 2.
829 4059 899 4114 Aufl.
919 4078 946 4129 p.
965 4063 1040 4131 aul:
1065 4061 1108 4116 Ea
1123 4062 1160 4116 ist
1176 4076 1229 4116 ooo
1248 4059 1337 4114 Sallen
1353 4059 1398 4116 des
1416 4061 1465 4116 ln·

340 4149 413 4204 balta
436 4148 484 4202 rote
507 4147 554 4203 dor
571 4147 691 4218 Spraolcc
706 4147 781 4203 ambi
798 4148 865 4204 oliae
878 4147 975 4202 Wartt
990 4147 1049 4203 arrd
1062 4148 1157 4218 θεῶν(
1172 4149 1242 4202 wohl
1258 4147 1328 4202 uoclr
1343 4147 1374 4202 ior
1389 4148 1465 4204 abm-

340 4234 393 4290 liolr
407 4239 471 4304 outo
488 4233 556 4289 Zeit.

427 4320 446 4390 ¹)
473 4319 525 4388 Qui
548 4319 628 4388 plura
653 4319 688 4374 de
704 4320 803 4374 haere
821 4320 973 4390 desiderat,
995 4321 1077 4374 Birtii
1101 4318 1296 4376 Claudianeam
1314 4319 1466 4374 editionem

341 4405 492 4476 exspectet,
521 4423 591 4474 quae
617 4407 780 4476 propediem
809 4407 840 4459 in
865 4406 1053 4461 Monumentis
1080 4407 1243 4461 Germaniae
1268 4406 1465 4476 antiquissimis

340 4495 479 4564 prodibit3
497 4496 545 4549 ubi
562 4495 631 4550 haee
648 4494 740 4549 omnia
757 4495 823 4549 satis
842 4494 986 4549 commode
1003 4496 1173 4564 pertractata
1189 4493 1320 4549 inveniet
