3250 5290
649 490 800 586 A

162 681 292 759 extant,
322 697 407 761 quae
437 682 545 743 tamen
576 695 642 741 non
670 679 764 742 tanta
796 677 887 755 sunt,
918 675 957 740 ut
988 694 1029 740 ea
1057 673 1099 739 'ex
1127 672 1287 740 inferioris

160 782 300 849 maxime
323 781 441 848 aetatis
462 780 593 846 levitate
614 799 749 864 prorsus
778 782 858 845 nata
880 797 950 845 esse
967 781 1127 862 putemus.
1172 778 1287 862 Itaque

36 883 41 896 '
159 885 194 951 in
215 885 266 966 iis,
290 903 375 969 quae
396 886 584 969 sequuntur,
605 882 687 948 talia
709 881 858 949 exhibere
879 881 985 948 liceat.

246 989 293 1054 Ao
326 989 464 1073 primum
493 986 621 1071 quidem
648 987 760 1070 paucis
787 1006 975 1052 versuum
1002 1003 1200 1052 caesuras
1230 984 1288 1051 ad·

161 1090 356 1157 umbramus.
390 1089 573 1156 Adhibetur
587 1094 693 1156 autem
708 1088 802 1174 longe
820 1088 1008 1172 saepissime
1024 1107 1161 1154 caesura
1176 1086 1289 1154 semi·

163 1193 371 1278 quinaria,
394 1214 491 1277 quam
514 1190 654 1259 formam
675 1213 746 1258 cum
767 1192 868 1257 Birtio
892 1189 943 1277 (cf.
964 1190 1013 1256 Ad
1030 1190 1200 1257 historiam
1217 1191 1289 1258 hex.

105 1337 110 1348 ·
162 1297 221 1364 lat.
236 1321 267 1384 p.
284 1304 314 1379 7)
328 1298 354 1363 F
371 1298 387 1362 I
406 1317 564 1365 vocemus.
604 1294 735 1363 Summa
757 1293 901 1362 struendi
918 1294 1084 1380 diligentia
1101 1315 1164 1360 non
1182 1299 1292 1380 potest

162 1403 291 1486 negari3
312 1421 396 1467 unus
415 1405 543 1466 tantum
555 1421 669 1466 versus
688 1399 828 1466 occurrit
840 1399 947 1465 minus
960 1399 1092 1484 politus,
1109 1399 1167 1466 ubi
1180 1421 1290 1466 mono-

164 1502 322 1591 syllabum
353 1507 428 1570 ante
463 1503 725 1589 semiquinariam
761 1501 927 1586 displicet:
966 1525 993 1571 v.
1025 1505 1066 1569 60
1097 1505 1292 1587 ,Auspicium

159 1611 303 1694 iuuenem
331 1614 424 1692 atque
442 1607 447 1697 l
466 1629 656 1692 aequumne,
686 1606 741 1690 qui
769 1627 880 1673 versus
909 1607 1035 1673 omnino
1063 1610 1195 1692 propter
1222 1628 1290 1674 mo·

162 1711 282 1779 lostam
304 1711 474 1778 elisionum
496 1711 745 1778 cumulationem
767 1709 901 1794 turpior.

249 1815 366 1882 Novies
397 1814 548 1899 deinceps
577 1813 627 1880 vel
659 1811 759 1879 semel
789 1812 823 1877 in
861 1817 900 1877 10
930 1812 1079 1880 versibus
1106 1815 1132 1880 F
1155 1815 1204 1880 III
1237 1811 1290 1896 (of.
1360 1873 1364 1880 .

162 1905 303 1984 liirtium
324 1919 346 1984 l.
369 1917 403 1999 1.)
431 1918 452 1983 i.
475 1938 501 1985 e.
532 1914 879 2000 semiseptenaria
909 1935 980 1980 oum
1008 1917 1233 1984 semiternaria
1260 1922 1293 1984 et

165 2041 299 2089 caesura
320 2025 395 2106 post
415 2022 547 2086 tertium
569 2018 758 2086 trochaeum
780 2019 954 2084 coniuncta
976 2019 1161 2086 adhibetur:
1183 2019 1222 2086 ct
1245 2042 1292 2087 vv.

168 2133 197 2193 1.
223 2131 254 2191 4.
284 2129 331 2189 11.
361 2129 411 2191 14.
440 2127 489 2191 38.
517 2127 567 2188 43.
595 2126 646 2188 48.
675 2127 724 2190 58.
754 2125 803 2188 72.
854 2121 989 2188 Accedit
1016 2122 1103 2208 quod
1131 2121 1293 2189 Patricius

165 2229 250 2294 hanc
279 2246 407 2313 qnoque
440 2225 578 2292 formam
614 2225 862 2310 castigatissime
895 2245 997 2310 neque
1031 2229 1100 2292 sine
1134 2226 1295 2312 elegantia

167 2330 275 2396 struit.
311 2328 394 2395 Nam
411 2349 483 2394 cum
501 2350 522 2396 a
539 2329 681 2395 licentiis
704 2329 745 2396 ab
768 2329 843 2396 aliis
864 2329 897 2393 in
919 2329 980 2395 hoc
997 2349 1092 2396 versu
1113 2330 1200 2398 haud
1217 2350 1293 2396 raro

167 2432 328 2514 admissis,
351 2433 415 2516 qni,
434 2437 472 2498 ut
488 2433 634 2516 exemplo
651 2437 735 2513 utar,
754 2432 892 2516 primum
909 2433 1025 2516 pedem
1040 2455 1117 2500 voce
1134 2432 1294 2519 dactylica

166 2537 216 2603 vel
239 2536 414 2622 spondiaca
435 2536 558 2621 expleri
581 2535 784 2618 tolerabant,
814 2537 943 2602 omnino
965 2537 1123 2620 abstinet,
1152 2542 1237 2620 tum,
1266 2538 1295 2604 si

166 2639 351 2706 trochaicos
372 2641 406 2705 in
427 2639 525 2706 tertio
546 2640 628 2726 pede
646 2638 817 2706 verborum
838 2641 943 2707 exitus
963 2642 1185 2726 perspicimus,
1207 2647 1294 2708 certe

44 2809 46 2814 .
168 2743 312 2828 aliquam
324 2743 478 2810 virtutem
492 2763 665 2827 agnoscere
678 2743 763 2824 licet,
781 2765 864 2828 quae
878 2744 921 2810 ad
934 2743 1137 2811 subtiliorem
1150 2747 1296 2812 struendi

166 2849 272 2914 artem
300 2851 432 2932 spectet
475 2846 668 2932 Plerumque
696 2847 782 2914 enim
808 2847 954 2914 trochaei
983 2848 1018 2912 in
1043 2848 1202 2930 vocalem,
1230 2869 1295 2914 non

165 2951 201 3017 in
225 2937 457 3018 consonantem
485 2955 619 3017 exeunt:
649 2974 678 3019 v.
706 2957 727 3016 4
755 2952 896 3034 suffusa,
931 2974 959 3019 v.
985 2954 1023 3017 11
1046 2955 1173 3036 cismo,
1201 2974 1229 3018 v.
1253 2958 1294 3018 72

166 3074 227 3138 quo
248 3054 345 3132 celso,
377 3077 406 3120 v.
431 3055 472 3120 14
493 3055 602 3136 attola·
633 3054 750 3120 deinde
772 3074 897 3139 semper
918 3075 1010 3138 oce:
1040 3077 1068 3120 v.
1092 3059 1133 3121 38
1155 3061 1294 3138 utaque,

166 3178 194 3222 v.
208 3161 250 3222 43
263 3157 432 3240 tritaeque,
448 3179 478 3221 v.
493 3161 535 3222 48
548 3163 677 3241 totoque,
694 3179 721 3221 v.
738 3163 778 3223 58
785 3179 1006 3242 pompamque.
1041 3159 1148 3225 Unum
1167 3158 1296 3244 quidem

167 3260 308 3328 occurrit
336 3255 516 3344 exemplum
548 3259 646 3344 paulo
671 3260 799 3342 durius,
830 3260 917 3345 quod
950 3265 1065 3329 contra
1095 3261 1189 3329 facit:
1222 3284 1250 3330 v.
1276 3265 1294 3328 1

165 3363 304 3446 florebat.

252 3467 327 3534 lam
342 3488 418 3534 vero
442 3487 616 3534 caesura
636 3468 769 3533 tertia
790 3467 1010 3534 trochaica
1031 3469 1204 3556 conjuncta
1226 3489 1296 3534 cum
1399 3464 1400 3467 ’

167 3568 238 3635 sola
261 3571 493 3652 semitemaria,
517 3590 613 3655 quam
634 3570 771 3636 formam
792 3569 915 3635 Birtins
936 3568 958 3635 l.
980 3568 1001 3634 l.
1024 3569 1096 3637 FV
1124 3569 1295 3655 signifieat,

168 3670 220 3738 bis
248 3670 438 3738 adhibetur:
466 3695 494 3740 v.
519 3675 558 3739 17
582 3678 615 3740 et
635 3696 664 3742 v.
688 3674 738 3740 33.
783 3671 966 3754 voeabula,
998 3694 1081 3758 quae
1109 3674 1297 3741 trochaeum

167 3772 315 3841 efficiunt
327 3779 404 3840 sunt
421 3773 515 3842 haec:
537 3799 565 3841 v.
582 3778 620 3842 l‘l
635 3797 850 3860 rebeccaeque,
868 3799 897 3841 v.
913 3781 962 3842 33.
972 3777 1103 3859 cedente,
1121 3777 1296 3863 dequibus

165 3876 254 3944 idem
282 3878 378 3961 valet,
411 3878 614 3964 quodmodo
643 3879 684 3946 de
711 3879 809 3947 tertio
838 3880 991 3947 trochaeo
1024 3880 1116 3947 iuxta
1143 3883 1296 3967 semisep-

167 3981 330 4048 tenariam
351 3980 498 4048 adhibito
521 3981 669 4048 diximus.
712 3982 796 4067 Ergo
824 3982 887 4049 hac
909 3983 1037 4067 quidem
1065 3984 1098 4050 in
1123 4006 1158 4051 re
1180 3985 1297 4052 bonam

168 4086 309 4170 speciem
335 4084 370 4151 hi
400 4105 667 4170 quoqueversus
694 4086 862 4172 praebent.
913 4085 1100 4173 Vituperari
1129 4093 1234 4174 potest
1263 4089 1297 4155 in

53 4233 54 4236 κ
167 4209 196 4255 r.
216 4191 257 4254 33
277 4188 382 4272 Lydia
400 4190 456 4271 qai
476 4189 598 4255 cedente
618 4189 798 4274 reliquerat,
821 4190 908 4275 quod
929 4211 988 4275 pes
1009 4191 1131 4277 primus
1150 4191 1298 4276 expletur

168 4311 246 4358 voce
266 4291 428 4377 dactylica
445 4293 584 4377 (Lydio),
601 4291 689 4378 quod
706 4293 770 4359 sibi
787 4294 961 4360 concedere
978 4314 1044 4360 non
1061 4295 1166 4362 solent
1182 4298 1298 4380 poetae

168 4393 232 4461 nisi
254 4393 288 4458 in
309 4392 351 4460 iis
373 4395 532 4478 versibus,
553 4396 610 4481 qui
632 4395 753 4465 habent
775 4395 1043 4483 semiquinariam.

1145 4520 1162 4570 4
