3246 5296
725 512 743 572 3

652 597 806 604 —-—.—

163 693 259 758 iustis
288 695 395 760 causis
423 698 482 760 aut
511 695 609 760 certis
637 695 831 760 testimoniis
866 694 997 786 credere
1024 714 1088 759 non
1119 713 1298 776 possumus.
1372 749 1375 756 .

165 795 248 860 Sane
271 795 399 878 quidem
421 796 573 861 facillime
595 795 665 861 fieri
687 796 840 880 potuisse,
864 802 902 860 ut
925 795 1065 879 suspicio
1088 801 1203 860 contra
1225 817 1298 860 eum
1455 823 1457 829 ¹

108 973 111 980 Ι
163 897 386 979 invalesceret,
408 899 485 963 inde
503 905 640 982 apparet
658 899 744 982 quod
763 899 918 977 codicum,
943 920 984 963 ex
1006 899 1123 980 quibus
1142 898 1297 965 Barthius

165 1020 199 1064 se
222 999 370 1093 hausisse
393 1003 448 1081 ait,
471 1021 529 1066 nos
544 1022 620 1065 vnon
642 1003 707 1066 iam
725 1001 900 1085 participes
920 997 1001 1066 facti
1020 1023 1138 1066 sumus.
1168 1001 1212 1066 At
1225 1021 1299 1066 mea

165 1103 296 1185 quidem
319 1103 469 1187 opinione
491 1125 551 1188 pro
575 1110 663 1168 certo
686 1103 721 1168 id
742 1105 847 1186 ipsum
870 1109 945 1183 stat,
969 1103 1056 1187 quod
1079 1103 1144 1169 illis
1170 1103 1299 1168 Barthii

104 1204 108 1214 '
164 1207 365 1288 temporibus
387 1207 456 1287 tali,
480 1210 518 1270 ut
539 1206 594 1271 ille
616 1205 686 1285 fuit,
710 1205 857 1288 diligenti
875 1207 1020 1270 codicum
1038 1208 1221 1284 scrutatori,
1243 1209 1299 1291 qui

164 1310 198 1371 ln
220 1313 270 1372 tot
292 1308 465 1374 itineribus
483 1313 534 1372 tot
551 1307 632 1373 vidit
649 1307 759 1388 urbae,
774 1312 825 1371 tot
840 1307 1068 1373 celeberrimas
1082 1308 1298 1374 bibliothecas

163 1410 405 1493 pervestigent,
427 1431 493 1475 non
515 1431 622 1493 pauca
643 1410 787 1474 nondum
810 1411 940 1492 cognita
962 1411 997 1474 in
1014 1432 1127 1476 manus
1144 1431 1298 1495 pervene-

164 1517 251 1576 runt.
298 1512 397 1576 Cuius
417 1512 465 1576 rei
478 1511 667 1595 exemplum,
687 1534 750 1596 quo
770 1512 883 1577 eodem
896 1513 1024 1578 Barthii
1040 1512 1120 1578 fides
1139 1513 1296 1591 firmatur,

165 1613 296 1678 exbibet
319 1615 486 1679 Riesius
510 1613 632 1679 anthol.
661 1615 717 1682 lat.
741 1615 772 1678 lI
795 1637 825 1698 p.
852 1615 998 1679 XXXIV.
1044 1615 1146 1679 Affert
1169 1636 1298 1681 carmen

165 1701 205 1780 de
225 1715 336 1781 Maria
357 1717 481 1798 virgine
511 1715 602 1800 (ibid.
630 1719 716 1798 766),
746 1716 833 1798 quod
862 1717 1018 1782 Barthius
1047 1719 1207 1782 incertum
1234 1739 1298 1802 quo

165 1819 275 1883 codice
299 1819 390 1883 nisus
426 1817 593 1898 ,Andreae
625 1819 748 1883 oratori
770 1819 909 1900 primum
937 1819 1067 1898 tribuit,
1090 1823 1216 1885 nescius
1238 1821 1299 1884 hoc

164 1940 281 1984 nomen
302 1919 405 1985 multo
433 1924 508 2012 post
529 1919 692 1984 Aldhelmi
721 1926 792 1985 arte
814 1921 951 2005 metrica
980 1941 1000 1985 a
1022 1921 1108 1986 Maio
1132 1922 1299 2006 publicata

165 2022 389 2088 confirmatum
410 2022 480 2086 iri.“
980 2011 982 2016 ¹

253 2127 298 2189 At
320 2146 361 2190 ne
384 2124 463 2207 quid
486 2123 593 2188 celare
615 2123 677 2187 hoo
698 2123 770 2188 loco
788 2124 963 2203 videamur,
987 2125 1084 2190 aliam
1102 2128 1200 2207 atque
1219 2126 1299 2190 satis

165 2229 282 2292 miram
305 2249 374 2292 rem
397 2226 450 2292 hic
471 2227 584 2310 paucis
607 2227 818 2309 attingamus.
864 2226 1002 2292 Constat
1024 2227 1110 2292 enim
1128 2227 1297 2292 Barthium

166 2330 325 2414 singulari
355 2333 455 2413 atque
484 2349 589 2412 paene
624 2328 742 2393 insana
776 2329 953 2412 cupiditate
984 2329 1167 2412 praeditum
1198 2329 1298 2395 fuisse

165 2453 284 2512 omnes,
308 2452 387 2516 quos
409 2432 574 2510 tractavit,
600 2432 775 2513 scriptores
804 2431 996 2496 emendandi
1020 2434 1118 2513 atque
1141 2431 1183 2496 ad
1207 2453 1299 2496 suum

164 2534 325 2618 ingenium
348 2532 584 2612 commutandi,
615 2533 664 2598 ita
693 2533 785 2596 utin
815 2535 906 2616 vagis
930 2531 1121 2597 coniecturis
1144 2532 1298 2598 faciendis

164 2658 323 2721 perquam
345 2637 464 2700 nimius
487 2640 581 2700 esset.
628 2636 772 2724 Accessit
794 2640 831 2699 ut
853 2636 886 2698 in
909 2635 969 2699 tali
987 2637 1118 2717 nogotio
1140 2640 1298 2719 tantaque

164 2741 200 2805 in
231 2740 369 2803 audacia
403 2758 444 2802 ne
479 2738 644 2821 ingenium
681 2735 811 2819 quidem
847 2737 926 2801 satis
958 2736 1162 2818 praeclarum
1200 2744 1298 2820 atque

166 2846 300 2908 acutum
322 2862 395 2905 eum
418 2840 597 2904 adiuvaret.
649 2838 742 2916 Quod
764 2838 871 2904 verbis
897 2839 1031 2904 Bartbio
1054 2839 1102 2904 sol
1127 2860 1191 2904 noa
1218 2841 1300 2906 lacit

167 2945 287 3027 optime
310 2943 470 3027 expressit
492 2941 549 3005 Th.
574 2942 603 3006 S.
627 2941 813 3024 Bayerus
841 2941 985 3005 carmina
1013 2941 1191 3022 illustrans,
1215 2963 1298 3026 quae

165 3047 226 3112 sub
248 3045 398 3111 Vestritii
423 3044 603 3127 Spurinnae
625 3043 756 3108 nomine
777 3042 933 3108 Barthius
959 3042 993 3106 in
1015 3043 1116 3107 lucem
1140 3045 1298 3110 ediderat.

165 3147 219 3212 illi
240 3148 338 3232 igitur
362 3166 458 3229 quam
481 3145 618 3210 diximus
642 3145 814 3227 cupiditati
836 3143 991 3209 Barthius
1018 3143 1099 3208 adeo
1122 3145 1241 3226 serviit,
1263 3151 1300 3211 ut

165 3253 272 3332 ipsum
285 3248 432 3314 veritatis
447 3267 589 3312 amorem
604 3246 798 3328 neglegeret.
844 3250 950 3329 Atque
963 3265 1028 3309 non
1043 3245 1141 3310 semel
1159 3249 1298 3326 tantum,

164 3353 261 3414 immo
286 3351 414 3435 saepius
438 3349 479 3413 ad
502 3348 689 3432 probandas
709 3347 866 3430 quasdam
884 3347 1039 3412 lectiones
1060 3367 1081 3412 a
1099 3368 1134 3413 se
1151 3349 1299 3416 inventas

166 3460 199 3518 et
222 3451 436 3536 scriptoribus
460 3451 654 3533 quibusdam
677 3453 858 3534 imputatos
890 3450 1009 3514 codicis
1032 3451 1198 3516 cuiusdam
1222 3473 1298 3517 auc-

164 3556 331 3620 toritatem
362 3553 470 3633 finxit,
503 3555 558 3635 qui
590 3553 717 3617 omnino
748 3573 814 3616 non
844 3553 969 3632 extitit,
1000 3572 1094 3634 quem
1122 3574 1299 3637 numquam

164 3657 253 3722 vidit.
298 3657 389 3734 tlnod
411 3657 576 3739 ingeniose
600 3661 698 3737 atque
721 3655 778 3734 ita,
807 3660 845 3719 ut
875 3653 1115 3719 dubitationem
1145 3674 1209 3719 non
1240 3656 1298 3721 ad-

164 3761 308 3838 mittant,
332 3759 429 3823 oertis
452 3758 651 3841 argumentis
670 3761 858 3823 statuerunt
875 3757 1057 3821 Bursian
1081 3758 1115 3820 in
1137 3776 1298 3822 commen-

165 3863 288 3926 tatione
321 3881 403 3943 quae
428 3861 634 3925 inscribitur:
689 3861 740 3924 Ex
769 3859 889 3944 Hygini
916 3858 1115 3941 genealogiis
1146 3867 1299 3945 excerpta

167 3963 289 4048 (Turici
314 3965 410 4047 1868)
425 3983 456 4045 p.
471 3962 558 4040 VIII,
581 3961 697 4026 deinde
719 3961 758 4026 de
774 3962 837 4028 alio
859 3961 1004 4045 exemplo
1026 3961 1242 4026 Mommsen
1265 3963 1298 4027 in

165 4067 273 4130 Herm.
305 4064 383 4128 VIII
410 4087 440 4147 p.
470 4066 520 4143 74,
547 4068 711 4147 postremo
740 4063 777 4129 O.
804 4063 824 4128 J
833 4062 911 4129 ahn
938 4063 971 4126 in
998 4063 1236 4146 Prolegomenis
1256 4062 1298 4129 ad

165 4168 375 4233 Censorinum
397 4189 427 4251 p.
451 4165 552 4229 XVII.
1012 4227 1015 4229 ,

250 4269 312 4334 Hic
333 4289 483 4353 quaeras,
505 4267 664 4352 quomodo
687 4265 760 4332 fieri
781 4267 931 4351 potuerit,
960 4273 997 4330 ut
1019 4266 1172 4332 Barthius
1194 4268 1300 4334 ferrea

165 4373 295 4459 quidem
316 4372 423 4438 fronte
454 4391 579 4454 semper
608 4374 707 4458 atque
736 4370 824 4434 nullo
855 4368 981 4444 fraudis
1009 4369 1299 4456 deprehendendas

1146 4488 1177 4546 1*
