3246 5296
640 548 794 645 Α

240 733 439 816 Quamquam
468 732 510 798 ad
532 732 610 799 vitia
630 732 689 800 illa
710 735 809 801 etiam
830 733 966 800 aliomm
988 739 1156 820 poetarum
1177 736 1279 804 nimia

152 833 291 901 imitatio
314 835 485 902 referenda
504 835 632 902 videtur
654 857 733 918 esse,
763 857 845 920 quae
867 837 1016 903 nimirum
1039 843 1133 904 tauta
1154 846 1212 919 cst,
1242 848 1279 907 ut

152 937 229 1003 indo
258 939 355 1004 ctiam
384 938 482 1026 plura
509 937 550 1005 de
571 939 713 1006 Patricio
736 945 835 1025 atquc
857 938 897 1007 de
920 943 986 1008 cius
1008 944 1136 1026 ingenio
1159 944 1277 1010 doctri-

152 1064 257 1126 naque
281 1043 480 1130 amplissima
503 1041 693 1114 concludere
714 1045 883 1130 possimus.
912 1093 914 1097 -
933 1047 1054 1132 Nempe
1082 1048 1166 1112 sicut
1186 1047 1278 1114 illum
1331 1091 1334 1098 ι

152 1146 345 1229 Patricium,
378 1169 473 1232 quem
496 1147 705 1232 Symmachus
728 1148 827 1214 semel
849 1152 948 1232 atque
970 1151 1087 1216 iterum
1110 1157 1276 1233 memorat,

152 1257 286 1336 egente
308 1272 373 1318 non
394 1249 508 1316 humili
530 1250 703 1317 oriundum
724 1257 758 1317 et
779 1251 909 1316 doctum
931 1251 1091 1318 hominem
1116 1253 1215 1320 fuisse
1238 1277 1277 1320 ex

151 1345 332 1439 Symmachi
350 1353 487 1440 epistula
505 1355 631 1436 scimus,
653 1354 703 1422 ita
719 1376 759 1421 ns
781 1359 928 1421 nostrum
951 1355 1079 1438 quidem
1100 1357 1276 1422 Patricium

151 1460 335 1526 existimare
372 1458 527 1525 debemus
563 1458 626 1525 nisi
661 1457 777 1537 talem,
817 1458 872 1542 qui
909 1457 1084 1524 secundum
1119 1460 1277 1526 nobilium

149 1564 367 1630 Romanorum
380 1583 502 1628 morem
516 1562 653 1627 omnium
666 1560 849 1628 litterarum
864 1561 1001 1627 scientia
1012 1565 1110 1646 atquc
1118 1563 1275 1647 imprimis

149 1672 293 1733 veterum
315 1671 485 1755 poetarum
507 1665 615 1732 studio
636 1667 779 1732 imbutus
807 1665 913 1731 fuerit.
961 1667 1053 1745 Quod
1083 1668 1290 1753 quicumque

101 1811 103 1814 >
148 1773 237 1857 leget
259 1769 501 1853 epithalamium
522 1770 618 1836 facile
640 1770 884 1836 animadvertet.
916 1770 999 1836 Nam
1021 1777 1150 1854 praeter
1173 1772 1275 1838 subti-

148 1875 304 1942 lissimam
343 1871 527 1939 fabularum
566 1873 733 1939 scientiam
772 1873 944 1956 praecipue
983 1875 1096 1940 miram
1132 1881 1275 1940 vetorum

148 1981 344 2066 scriptorum
356 1978 505 2043 notitiam
519 1976 732 2056 observamus,
744 1976 831 2042 inter
844 1997 925 2060 quos
936 1976 1065 2061 quidem
1078 1976 1274 2045 Claudianus

147 2082 245 2169 quasi
272 2082 360 2163 fons,
394 2080 479 2147 unde
513 2081 648 2146 Patricii
683 2101 776 2146 musa
803 2079 903 2145 vitam
938 2080 1060 2158 hausit,
1095 2083 1273 2168 principem

147 2187 273 2253 obtinet
293 2186 408 2253 locum.
1209 2241 1214 2252 .

232 2289 278 2355 Iis
297 2308 380 2372 quac
398 2291 578 2370 sequuntur
601 2287 637 2352 in
654 2286 790 2353 Patricii
808 2286 981 2352 dictionem
999 2287 1274 2373 elocutionemque

144 2390 330 2457 accuratius
358 2390 522 2473 inquirere
544 2390 655 2470 liceat,
681 2410 744 2473 quo
775 2389 912 2456 aliorum
941 2397 1111 2477 poetarum
1132 2392 1274 2476 vestigia,

144 2499 302 2579 quantum
322 2493 394 2559 fieri
415 2497 532 2580 potest,
555 2494 738 2576 aperiamus
760 2499 858 2576 atque
880 2514 1119 2580 persequamur,

232 2598 374 2663 Primum
396 2594 526 2681 quidem
547 2616 653 2682 pauca
675 2595 825 2661 ridentur
847 2595 1097 2682 praemittenda.
1223 2637 1225 2646 =

109 2699 112 2706 ’
232 2700 368 2767 Omnino
397 2701 482 2767 enim
510 2699 698 2765 inferiorum
726 2705 895 2786 poetarum
917 2701 1084 2787 proprium
1113 2698 1178 2766 fuit
1201 2702 1272 2767 imi·

140 2805 297 2870 tationem
315 2803 508 2870 nobiliorum
525 2807 694 2888 poetarum
715 2803 761 2868 ita
782 2823 847 2868 non
869 2824 1028 2889 spernere,
1050 2808 1088 2868 ut
1109 2803 1207 2869 etiam
1230 2806 1272 2872 ad

139 2906 277 2974 verbum
289 2907 412 2973 alienos
435 2925 474 2972 aa
494 2905 666 2992 praecipue
684 2925 802 2971 aureas
822 2905 999 2971 latinitatis
1020 2905 1172 2973 flosculos
1194 2929 1271 2974 suae

141 3011 285 3076 orationi
311 3013 499 3078 insererent.
545 3009 610 3076 Sed
637 3010 799 3076 Patricius
830 3009 959 3075 etiamsi
981 3010 1061 3075 satis
1082 3009 1271 3097 plerumque

140 3114 283 3185 feliciter
299 3136 402 3199 neque
418 3114 581 3181 interdum
599 3107 812 3198 sins'ingenio
830 3113 943 3179 alienis
960 3113 1104 3179 fontibus
1121 3136 1199 3181 usus
1218 3113 1270 3196 sit',

139 3224 252 3284 tamen
285 3220 319 3284 in
353 3217 537 3284 universum
574 3217 656 3284 haec
692 3217 778 3282 ratio
808 3215 958 3281 imitandi
987 3216 1087 3282 nimia
1115 3221 1271 3302 tantaque

140 3320 379 3401 videturesse,
408 3325 446 3385 ut
474 3341 546 3386 eam
568 3319 661 3402 quasi
687 3319 830 3384 scholam
852 3339 966 3405 sapere
988 3323 1087 3403 atque
1111 3323 1269 3387 siccarum

140 3423 299 3489 mentium
333 3423 515 3510 perfugium
547 3443 619 3489 esse
649 3442 752 3509 paene
783 3421 936 3488 dicamus.
980 3420 1162 3489 Invenimus
1185 3425 1269 3490 enim

53 3557 61 3576 ·
139 3527 231 3614 apud
251 3526 426 3593 Patricium
447 3532 576 3613 praeter
598 3525 784 3603 Claudiani,
814 3546 896 3609 quae
919 3529 997 3592 satis
1020 3526 1270 3621 explanavimus,

138 3629 279 3713 vestigia
299 3628 448 3713 Vergilii,
479 3628 600 3710 Ovidii,
630 3628 744 3714 Statii,
774 3628 909 3709 Tibulli,
932 3629 1111 3716 Propertii,
1140 3629 1268 3732 catuli,

138 3732 292 3814 Lucretii,
314 3732 394 3814 Silii,
416 3732 607 3814 Nemesiani,
630 3732 806 3819 Calpurnii.

227 3837 301 3917 Qua
323 3836 357 3902 in
379 3857 415 3903 re
437 3833 477 3902 ne
499 3833 686 3921 idquidcm
708 3834 939 3920 neglegendum
961 3840 1022 3918 est,
1044 3836 1162 3918 multa,
1184 3857 1267 3921 quac

137 3939 259 4006 similia
280 3938 367 4026 apud
390 3940 470 4005 alios
491 3939 714 4026 reperiuntur,
745 3938 788 4005 ad
819 3959 857 4005 ea
878 3960 949 4004 esse
971 3939 1154 4021 referenda,
1185 3951 1289 4024 quae

135 4048 215 4131 post
250 4048 367 4129 poetae
402 4041 536 4108 alicirius
571 4041 729 4126 Augustei
766 4041 836 4108 aevi
871 4042 1051 4129 exemplum
1085 4063 1212 4129 semper
1246 4065 1267 4110 a

135 4147 243 4235 poetis
264 4146 404 4233 repetita
426 4147 518 4231 quasi
535 4146 661 4212 tradita
676 4146 811 4213 heredia
832 4144 1094 4232 perducebantur
1122 4168 1267 4231 quaeque

136 4271 213 4316 cum
234 4250 436 4336 usurpabant
457 4252 575 4336 poetae
596 4248 766 4316 inferiores
795 4270 859 4315 non
888 4250 954 4316 iam
985 4248 1169 4316 sentiebant
1195 4251 1265 4317 imi·

135 4352 306 4420 tationem.
355 4351 448 4432 Quod
476 4357 565 4418 certe
594 4352 711 4420 accidit
739 4352 815 4419 huic
843 4373 971 4438 quoquc
991 4352 1150 4435 Patricio,
1172 4375 1267 4437 quem

139 4457 247 4525 multa
261 4456 402 4524 lectione
419 4457 597 4526 exercitum
613 4456 773 4524 hominem
791 4457 865 4524 duci
882 4461 1020 4550 oportet
1061 4455 1267 4546 Quapropter
