3246 5296
693 439 848 534 —ae-

207 625 237 705 (i.
261 644 289 694 e.
304 623 381 706 sole,
398 625 493 691 lunae
507 624 620 704 fratre)
634 629 739 691 retuso
747 625 843 710 juxta
855 644 965 690 vocem
978 630 1083 690 retuso
1096 643 1167 689 ecce
1177 621 1336 690 traditum

207 732 258 794 est
277 750 412 812 recusso,
436 728 522 811 quod
546 728 667 815 optime
685 728 819 794 Patricii
841 726 948 794 locum
971 729 1170 808 sustentat.¹)

296 848 494 916 Claudianus
526 852 628 934 igitur
658 855 770 916 nostro
802 851 887 915 sicut
916 853 986 914 tam
1007 847 1118 914 multis
1141 847 1214 914 ahis
1238 846 1339 912 etiam

207 952 268 1019 hoc
298 952 369 1019 loco
401 955 585 1041 exemplum
617 953 706 1019 dedit
736 974 839 1038 neque
869 953 942 1039 plus
973 950 1071 1018 habet
1101 950 1278 1032 molestiae,
1310 951 1338 1017 si

206 1057 369 1123 Patricius
392 1079 452 1145 pro
474 1057 573 1123 verbo
595 1056 791 1123 retundendi
813 1058 983 1143 usurpavit
1003 1057 1138 1124 verbum
1159 1056 1338 1122 recutiendi

193 1161 294 1228 haud
317 1182 396 1229 sane
419 1164 546 1233 diverso
565 1183 672 1228 sensu.

292 1282 394 1350 Porro
411 1287 517 1350 autam
533 1283 599 1348 alia
615 1281 777 1368 quaedam
790 1281 879 1348 diota
891 1286 1014 1362 extant,
1029 1303 1113 1367 quae
1127 1283 1193 1350 sive
1207 1285 1336 1349 omnino
1387 1367 1388 1370 Ἴ

205 1387 380 1455 insolentia
395 1389 461 1455 sive
476 1388 518 1456 ab
536 1409 654 1455 aureae
671 1386 847 1454 latinitatis
867 1408 1013 1453 sermone
1027 1387 1135 1455 aliena
1149 1393 1338 1473 appareant.

206 1497 374 1573 Attamen,
399 1491 573 1576 quodiam
595 1491 647 1556 hic
669 1490 789 1557 addere
810 1492 913 1572 iuvat,
940 1484 1052 1557 eorum
1073 1492 1154 1558 nihil
1175 1494 1337 1558 invenitur

207 1597 289 1664 adeo
313 1595 487 1677 offendens,
510 1600 547 1661 ut
569 1597 718 1661 carminis
741 1594 821 1660 fides
843 1593 985 1662 labefiat.

292 1717 505 1784 Rarissimam
546 1717 647 1800 igitur
691 1717 828 1799 speciem
869 1714 951 1781 haec
985 1717 1143 1800 praebent
1179 1719 1337 1785 vocabula

207 1845 235 1888 v.
256 1828 313 1887 21:
333 1821 478 1888 iterabilc
496 1824 530 1886 et
542 1843 569 1887 v.
587 1828 641 1886 71:
660 1820 895 1886 iateutercbib's.
932 1820 1022 1886 Talia
1039 1826 1149 1886 autem
1168 1821 1336 1904 adiectiva,

208 1945 292 2010 quae
321 1925 485 1991 desinunt.
499 1925 533 1990 in
561 1926 617 1991 ilis
638 1924 689 1990 vel
711 1925 821 2008 potius
844 1925 878 1989 in
901 1926 1010 2005 ubilis,
1040 1928 1177 1992 maxime
1205 1928 1336 1993 inferio·

206 2031 296 2096 ribus
326 2030 502 2096 latinitatis
532 2031 734 2116 temporibus
765 2030 857 2096 valde
886 2030 1115 2096 increbuerunt
1148 2036 1249 2116 atque
1276 2033 1335 2098 im·

205 2134 321 2218 primis
346 2155 366 2199 a
389 2133 496 2216 poetis
526 2140 683 2218 usurpata
714 2137 804 2214 sunt,
835 2134 953 2216 quippo
977 2117 1060 2219 quac
1086 2135 1215 2200 facilem
1238 2140 1336 2220 atque

206 2239 381 2305 iucundum
412 2238 591 2304 hexametri
625 2241 745 2304 exitum
776 2237 904 2304 efficere
935 2238 1129 2305 viderentur.
1180 2238 1336 2324 Exemplo

208 2343 341 2409 afferam
353 2344 540 2422 Ausonium,
560 2342 615 2426 qui
628 2343 790 2426 permulta
804 2363 920 2427 magna
933 2361 973 2407 ex
986 2347 1080 2426 parte
1097 2363 1190 2409 c'suo
1207 2344 1337 2428 ingenio

207 2449 312 2533 primo
334 2451 415 2514 nata
432 2447 578 2530 exempla
595 2445 710 2514 obfert.
744 2446 837 2512 Talia
855 2450 945 2511 sunt:
967 2447 1223 2527 immaculabilis,
1243 2453 1337 2532 pota·

206 2551 291 2634 bilis,
306 2551 555 2632 contrectabilis,
568 2550 746 2631 vibrabilis,
754 2551 1006 2632 transmeabilis,
1021 2551 1235 2635 oblectabilis,
1250 2554 1338 2620 simi-

207 2656 262 2728 lia.
272 2657 296 2746 2)
318 2656 436 2741 Itaque
449 2661 561 2722 nostro
571 2671 697 2740 quoque
707 2661 824 2740 poetae
838 2655 999 2722 adiectiva
1011 2655 1073 2720 hoc
1086 2656 1182 2722 modo
1196 2656 1338 2723 formata

207 2760 348 2827 iucunda
360 2761 458 2826 fuisse
471 2759 631 2828 videntur.
668 2762 818 2826 Attamen
831 2781 896 2825 non
910 2780 1045 2843 prorsus
1060 2761 1129 2826 sine
1143 2763 1339 2828 auctoritate

208 2865 368 2931 Patricius
389 2864 469 2930 haec
489 2866 645 2931 iterabilis
663 2870 694 2930 et
711 2865 936 2931 intemerabilis
957 2862 1120 2930 formavit.
1154 2865 1238 2932 Nam
1256 2867 1339 2933 alias

210 2988 337 3052 quoque
366 2969 511 3054 quamvis
540 2989 616 3034 raro
645 2969 862 3052 reperiuntur.
908 2968 996 3034 Dicit
1018 2969 1236 3036 Tertullianus
1265 2971 1338 3036 adv.

209 3072 339 3137 Marcel.
368 3073 401 3138 ΙΙ
436 3078 494 3139 28:
533 3074 715 3141 Iterobilem
748 3076 904 3140 iniuriam
932 3076 1039 3159 fucere
1076 3078 1110 3140 et
1141 3073 1339 3142 Claudianus

209 3175 387 3242 Mamertus
411 3176 450 3244 de
474 3182 566 3244 statu
588 3181 715 3245 animae
737 3178 754 3243 Ι
779 3184 814 3245 3:
838 3180 988 3246 dicicitur
1009 3179 1245 3246 intemerabilis.

293 3296 419 3362 Deinde
441 3299 612 3366 rarissima
633 3320 694 3365 vox
712 3305 764 3365 est
780 3323 808 3366 v.
830 3305 869 3366 77
898 3300 1103 3384 Calliope'ius,
1128 3320 1212 3384 quae
1230 3305 1340 3367 tamen

208 3405 338 3486 praeter
355 3400 440 3466 hunc
457 3402 563 3469 locum
581 3403 678 3470 etiam
696 3407 788 3470 extat
806 3404 894 3491 apud
907 3405 1079 3471 Firmicum
1094 3404 1192 3471 math.
1207 3405 1269 3470 VII
1284 3410 1342 3470 25:

208 3507 323 3572 umse'ci
349 3507 522 3594 Calliopeii.
569 3507 660 3574 Sicut
683 3514 790 3575 autem
809 3509 972 3576 Patricius
995 3531 1094 3592 supra
1115 3532 1142 3578 v.
1163 3509 1341 3580 dVeneris

209 3609 338 3676 stellam
350 3611 545 3696 Cytherctum
557 3616 662 3698 ipsene
671 3613 919 3700 significaverat,
933 3613 982 3679 ita
994 3634 1060 3680 non
1072 3616 1199 3679 tantum
1215 3614 1339 3695 aberat,

209 3718 247 3779 nt
275 3713 442 3800 Calliopae
470 3715 571 3783 filium
599 3718 722 3803 pariter
751 3717 892 3784 formato
922 3717 1080 3784 adiectivo
1109 3739 1189 3784 usus
1220 3718 1342 3785 diceret

207 3841 342 3903 puerum
368 3820 584 3904 Calliope‘r'um.
629 3819 683 3907 [cf.
706 3821 806 3887 etiam
828 3843 856 3886 v.
877 3825 916 3888 35
942 3820 1080 3888 Peneios
1103 3824 1233 3910 omnis]

297 4028 316 4098 ¹)
341 4027 480 4096 Equidem
510 4044 607 4082 vocem
634 4043 742 4084 recusso
772 4032 801 4082 et
824 4028 874 4083 illo
905 4043 989 4098 supra
1012 4032 1166 4084 memorato
1191 4030 1230 4084 Cl.
1261 4030 1343 4084 Marii

210 4114 330 4168 Victoris
356 4113 417 4168 loco
443 4114 512 4184 [ture
535 4115 654 4185 recussa]
686 4118 714 4168 et
737 4115 851 4169 Patricii
873 4115 928 4169 hoc
952 4115 1080 4184 exemplo
1105 4115 1171 4170 satis
1196 4115 1343 4185 probatam

211 4201 347 4269 existimo,
373 4218 456 4269 quam
473 4203 506 4253 ut
522 4201 580 4254 123
596 4201 627 4253 in
644 4204 754 4254 textum
770 4201 914 4271 recipiant,
936 4202 1081 4257 Claudiani
1099 4202 1251 4257 editoribus
1270 4220 1342 4259 com-

210 4287 343 4342 mendare
361 4305 418 4341 non
436 4287 541 4341 dubito.

297 4391 317 4463 ¹)
336 4391 369 4446 cf.
388 4391 492 4446 Auson.
511 4390 554 4446 ed.
572 4390 693 4447 Schenkl
710 4409 737 4463 p.
756 4392 815 4448 286.
