3246 5296
827 551 982 648 pe„

344 741 381 802 ut
403 756 499 803 curru
522 736 677 804 columbis
704 736 813 803 iuncto
842 737 986 804 vehatur.
1031 737 1072 807 of.
1094 740 1190 805 Drae.
1219 761 1247 805 v.
1271 745 1327 806 72:
1351 741 1467 825 Adfuit

343 841 464 905 interea
489 840 602 925 Cpprr's
623 841 768 907 saturata
788 841 938 908 aborta
959 862 1026 925 eqs.
1043 847 1078 908 et
1094 842 1182 909 Patr.
1200 865 1228 909 v.
1248 847 1301 908 22:
1320 844 1373 910 Ad
1388 846 1467 928 iupa

344 942 463 1010 blanda
483 945 568 1010 sedet
587 947 696 1012 atreus
716 945 879 1011 moderata
901 945 1059 1012 columbas
1080 966 1146 1031 eqs.

429 1046 498 1113 Iam
515 1052 624 1114 autem
647 1054 683 1114 ut
707 1068 778 1113 cum
799 1047 914 1114 iisdem
930 1048 1101 1114 comitibus
1118 1048 1227 1115 Venus
1245 1054 1389 1133 apparet,
1411 1051 1466 1132 ita,

344 1149 431 1232 quod
451 1150 535 1216 idem
557 1151 695 1218 maxime
716 1152 776 1218 sub
800 1151 911 1218 oeulos
928 1152 1023 1233 cadit,
1045 1152 1143 1218 Liber
1160 1173 1225 1218 non
1242 1152 1336 1219 modo
1354 1152 1466 1219 eadem

344 1253 538 1334 condicione,
553 1253 720 1321 sedetiam
734 1255 869 1339 paribus
882 1255 950 1322 lere
962 1255 1069 1322 verbis
1082 1255 1256 1321 inducitur.
1292 1255 1467 1340 Compares

343 1353 512 1422 Dracontii
532 1377 644 1424 versus
667 1363 707 1424 67
730 1379 794 1441 sq.:

471 1459 596 1526 Liber
618 1460 850 1546 pampineis
872 1465 1006 1527 ornatus
1028 1459 1144 1528 fronde
1166 1460 1326 1547 corymbis

471 1561 577 1628 Intrat
599 1570 633 1629 et
653 1564 791 1631 uviferos
812 1563 921 1632 vibrat
942 1585 1039 1648 super
1061 1585 1081 1630 a
1088 1565 1223 1649 gmina
1244 1563 1412 1650 thyrsos

344 1667 378 1730 et
399 1665 533 1731 Patricii
554 1688 681 1733 versum
705 1673 763 1734 34:

473 1767 575 1836 Obvia
602 1770 836 1856 pampineis
859 1770 982 1836 Liber
1010 1771 1096 1856 rapit
1117 1773 1277 1856 agmina
1297 1771 1467 1857 thyrsis.

344 1869 527 1937 Similitudo
550 1871 685 1958 reliquis
708 1875 806 1940 etiam
827 1871 1039 1941 manifestior.

429 1974 548 2040 Verum
571 1977 670 2042 etiam
692 1976 732 2044 de
754 1979 953 2063 singulorum
970 1977 1140 2044 verborum
1161 2000 1223 2044 usu
1244 1978 1278 2043 in
1300 1998 1339 2044 ea
1360 1998 1396 2044 re
1413 1976 1467 2044 de·

343 2077 515 2145 scribenda
543 2080 770 2150 similitudines
798 2082 885 2147 inter
914 2082 1090 2148 Patricium
1118 2087 1152 2147 et
1180 2083 1392 2148 Dracontium
1419 2083 1467 2146 in-

344 2184 506 2266 vestigare
539 2183 625 2250 licet.
677 2184 730 2251 Sic
758 2186 907 2253 conferas
935 2185 1018 2251 illud
1046 2179 1181 2252 Patricii
1207 2210 1235 2253 v.
1263 2189 1321 2253 24:
1358 2186 1470 2270 Alipcr

343 2285 529 2373 obsequio
550 2291 648 2373 stupet
665 2310 747 2373 puer
777 2294 811 2355 et
833 2289 1001 2356 Dracontii
1021 2289 1103 2356 illud
1126 2289 1273 2356 similiter
1295 2289 1469 2372 eodemque

342 2390 377 2456 in
405 2392 452 2455 rei
480 2396 632 2456 contextu
660 2391 782 2458 dictum
809 2415 838 2458 v.
868 2395 908 2458 60
936 2392 957 2457 l.
980 2394 1017 2460 l.:
1057 2393 1132 2459 Ibat
1159 2396 1195 2458 r'a
1228 2394 1467 2475 obsequium.

342 2493 462 2578 Nempe
496 2495 581 2561 idem
613 2495 649 2560 in
684 2516 721 2562 eo
757 2496 992 2579 cognoscimus,
1034 2496 1120 2581 quod
1159 2496 1323 2562 Patricius
1364 2517 1392 2560 v.
1427 2499 1468 2560 48

347 2597 478 2664 Tarba
497 2600 583 2683 facet
603 2605 722 2683 totoque
740 2602 880 2685 fremit
901 2599 989 2681 dicit,
1011 2620 1083 2665 cum
1101 2598 1296 2666 Dracontius
1320 2598 1468 2664 similiter

343 2700 463 2767 habeat
484 2723 512 2770 v.
536 2702 621 2768 981.
644 2703 681 2768 l.:
708 2703 784 2770 Illic
805 2704 925 2769 turba
943 2704 1092 2787 fremit.
1129 2705 1235 2787 Atque
1258 2704 1287 2768 si
1308 2701 1469 2768 Patricius

343 2826 371 2870 v.
396 2809 435 2871 30
458 2805 498 2872 de
521 2805 645 2872 Venere
667 2805 759 2872 dicit:
788 2808 886 2873 astris
909 2807 1095 2890 adreaipat,
1124 2827 1236 2870 rursus
1259 2804 1303 2872 ad
1325 2806 1469 2871 Dracon-

344 2907 425 2974 tium
447 2928 607 2991 vocamur,
638 2909 694 2993 qui
714 2930 807 2975 versu
830 2914 869 2975 79
894 2908 928 2974 in
951 2909 1064 2975 eadem
1084 2927 1121 2973 re
1143 2907 1354 2974 describenda
1375 2907 1469 2974 dicit:

869 3011 981 3097 Cypris
1003 3012 1093 3078 iubet
1114 3012 1161 3077 ire
1183 3012 1316 3096 iugales,

473 3115 621 3200 Remipat
642 3117 792 3182 ammotis
814 3117 987 3200 pinnarum
1008 3114 1178 3200 plausibus
1201 3114 1278 3181 ales.

428 3217 575 3302 Denique
597 3219 744 3287 conferas
766 3219 856 3286 haec:

495 3323 704 3392 Patricius:
1070 3322 1317 3391 Dracontius:

343 3447 371 3491 v.
398 3431 436 3492 13
459 3426 493 3493 It
512 3431 632 3493 natura
652 3448 752 3494 eomes
930 3425 1045 3492 Medea
1066 3448 1094 3491 v.
1115 3427 1190 3489 162:
1214 3423 1248 3491 a
1269 3443 1367 3490 eomes

344 3552 372 3596 v.
397 3533 437 3594 22
458 3531 567 3596 paros
584 3529 750 3596 moderata
766 3530 881 3597 colau-
932 3529 976 3595 ib.
997 3551 1024 3595 v.
1051 3533 1128 3593 156:
1159 3529 1267 3593 alueos
1295 3525 1427 3592 adstare

497 3634 554 3700 tas
976 3631 1144 3697 rubeatus.

343 3758 370 3802 v.
395 3739 436 3801 34
459 3733 561 3802 Obvia
582 3737 761 3819 paarpr‘aer‘s
781 3735 879 3801 Liber
930 3735 974 3800 ib.
996 3755 1025 3798 v.
1049 3737 1128 3798 275:
1164 3732 1266 3798 Ebria
1287 3732 1470 3816 pampineis

497 3837 586 3922 rapit
612 3839 741 3923 agmina
762 3838 880 3922 thyrsis
974 3837 1111 3902 miscens
1132 3836 1270 3919 vestigia
1291 3835 1417 3920 thyrsis.

343 3964 370 4009 v.
395 3946 436 4008 70
452 3941 644 4024 praeradia
662 3943 802 4025 mamis
935 3940 978 4006 ib.
1000 3963 1029 4008 v.
1053 3944 1130 4004 222:
1147 3939 1339 4023 praeradia

971 4045 1129 4127 flammas.

429 4148 519 4227 Quae
540 4169 613 4214 eum
633 4148 683 4215 ita
704 4148 785 4230 sint,
814 4149 841 4214 si
870 4169 910 4214 ex
937 4147 988 4214 his
1013 4147 1108 4213 modo
1130 4147 1225 4213 dictis
1249 4144 1373 4229 aliquid
1393 4145 1471 4210 licet

344 4252 542 4335 concludere,
569 4251 750 4338 putandum
784 4256 837 4318 est
863 4251 914 4318 vel
941 4251 1084 4317 Patricio
1115 4249 1360 4335 epithalamium
1387 4249 1470 4313 Dra·

344 4355 444 4422 contii
480 4360 593 4422 notum
622 4353 723 4422 fuisse
759 4355 809 4421 vel
839 4355 1016 4421 Dracontic
1046 4353 1181 4419 Patricii
1219 4351 1469 4436 epithalamium.

343 4458 500 4544 Equidem
524 4480 594 4524 cum
616 4457 727 4524 multis
750 4458 823 4524 aliis
846 4458 962 4537 causis,
986 4458 1122 4540 quasin
1144 4456 1324 4522 universum
1342 4474 1382 4520 ex
1399 4474 1471 4520 ear·
