3246 5296
689 535 842 628 L

130 739 155 796 .'
201 741 304 805 paene
334 720 434 787 nimia
459 740 497 785 ac
526 722 621 784 tanta
647 716 723 799 fuit,
759 722 797 784 ut
828 737 869 784 ne
894 721 980 784 totos
1007 715 1136 802 quidem
1164 717 1254 785 locos
1289 739 1328 785 ex

7 885 20 896 ,.
101 819 117 897 s
156 833 158 836 ’
202 823 356 910 exemplis
373 821 566 888 clarioribus
580 820 750 908 decerptos
767 821 835 888 suis
848 819 1043 888 carminibus
1057 821 1197 889 inserere
1210 827 1327 905 poetae

7 913 21 952 ⁸
115 977 120 985 .
203 932 273 993 tum
293 931 489 993 vererentur.
534 925 585 991 Ab
606 925 669 990 hac
690 924 796 1008 culpa,
819 925 904 990 sicut
924 926 1052 991 omniuo
1071 925 1193 992 avitiis
1214 930 1326 992 aucto·

108 1067 112 1075 ·
202 1052 272 1096 rum
284 1029 442 1114 sequioris
455 1028 525 1095 aevi
538 1049 578 1094 ne
591 1027 676 1093 hunc
690 1027 819 1113 quidem
828 1027 1005 1094 Patricium
1014 1027 1154 1096 alienum
1162 1050 1233 1096 esse
1241 1028 1329 1096 infra

203 1121 388 1201 accuratius
408 1132 595 1200 videbimus.
634 1131 728 1198 Nunc
749 1131 834 1197 unde
858 1131 994 1217 digressi
1016 1153 1127 1199 sumus
1148 1132 1325 1200 redeamus.
1408 1187 1410 1194 .

286 1236 461 1322 Eleganter
482 1235 567 1301 enim
587 1240 685 1319 poeta
706 1235 836 1302 ineunte
853 1234 1061 1320 epithalamio
1079 1237 1163 1303 sicut
1180 1235 1327 1303 sollemni

201 1359 289 1407 more
310 1361 389 1407 usus
411 1359 543 1405 vernum
571 1345 698 1424 tempus
726 1339 848 1424 nuptiis
876 1343 909 1405 et
930 1339 1033 1407 amori
1054 1345 1326 1425 peropportunum

203 1437 256 1531 (ef.
271 1443 418 1529 Pervigil.
436 1448 469 1509 3:
495 1443 572 1509 Vere
585 1443 774 1510 concederet
786 1444 922 1527 amores)
938 1462 1010 1509 esse
1023 1441 1123 1528 lingit,
1137 1444 1185 1510 ita
1199 1443 1239 1509 de
1252 1463 1327 1528 pro·

201 1547 359 1614 creatrice
374 1548 403 1612 vi
418 1551 555 1613 naturae
573 1551 672 1631 atque
686 1545 725 1612 de
740 1545 888 1612 Aetheris
907 1550 941 1611 et
954 1545 1073 1614 Terrae
1096 1545 1326 1625 coniunctione,

202 1651 289 1735 qued
306 1652 426 1736 optime
438 1650 502 1716 huc
514 1649 664 1735 quadrat,
682 1649 782 1715 verbe
796 1647 886 1716 facit.
922 1649 1058 1716 Prorsus
1072 1653 1180 1716 autem
1193 1650 1328 1734 antiqua

154 1751 160 1764 '
201 1760 253 1822 est
268 1755 350 1821 haec
366 1754 454 1820 fictio
473 1753 512 1819 de
529 1759 619 1819 terra
631 1752 674 1818 ab
688 1750 819 1819 aethere
837 1752 939 1818 imbre
952 1757 1116 1838 tamquam
1130 1753 1265 1836 genitali
1278 1772 1327 1820 se·

201 1860 287 1924 mine
302 1857 492 1938 fecundata3
506 1854 694 1940 saepissime
707 1854 787 1922 baec
800 1855 887 1938 apud
895 1860 1019 1922 veteres
1025 1861 1138 1940 poetas
1145 1861 1327 1923 occurrunt.
1453 1939 1457 1946 .

187 1959 361 2046 ‘cixVerg
385 1960 499 2044 Georg.
522 1959 554 2024 ll
577 1962 654 2024 325:

329 2063 408 2130 Tum
429 2068 523 2148 pater
545 2061 746 2145 omnipotens
769 2059 916 2127 fecundis
937 2061 1096 2129 imbribus
1118 2062 1239 2145 aether,

202 2182 380 2250 Columella
400 2183 430 2249 X
453 2187 515 2249 204
537 2202 626 2268 sqq:

328 2286 498 2354 Maxumus
519 2287 592 2370 ipse
611 2286 706 2353 deum
722 2285 829 2370 posito
850 2287 917 2352 iam
938 2284 1071 2352 fulmine
1093 2285 1194 2353 fallax

327 2389 531 2455 Acrisioneos
552 2393 678 2456 veteres
699 2389 845 2454 imitatus
867 2408 992 2455 amores

328 2491 430 2577 Inque
452 2493 539 2557 sinus
560 2491 676 2558 matris
699 2492 839 2564 violento
867 2489 993 2575 depluit
1013 2490 1126 2556 imbre.

201 2596 329 2662 Lucret.
351 2595 367 2659 I
390 2599 449 2659 251
475 2614 536 2677 sq.:

328 2685 497 2764 Postrema
517 2702 654 2780 pereunt
674 2695 806 2778 imbres,
829 2696 885 2763 ubi
907 2717 963 2763 eos
984 2701 1079 2781 pater
1100 2697 1219 2764 Aether

329 2801 367 2868 ln
389 2800 544 2884 gremium
568 2801 684 2868 matris
705 2802 818 2867 Terrai
839 2800 1069 2886 praecipitavit.

201 2903 325 2971 Similia
354 2905 452 2971 etiem
481 2904 568 2988 apud
595 2904 781 2989 Euripidem
803 2903 1057 2990 Aeschylumque
1084 2904 1325 2986 inveniuntur¹).

285 3007 385 3074 Porro
416 3013 525 3074 autem
552 3014 650 3092 poeta
677 3030 771 3075 versu
807 3013 826 3074 6
855 3013 992 3075 naturae
1028 3027 1176 3074 serenum
1204 3013 1344 3076 etatum¹

200 3109 400 3196 effigiemque
422 3131 587 3178 amoenam
616 3110 801 3178 describens
829 3112 934 3196 pergit
964 3110 1008 3177 ad
1036 3111 1167 3177 deorum
1196 3113 1325 3179 nomina

200 3214 429 3281 enumeranda
473 3214 517 3280 ht
544 3235 609 3281 non
631 3215 709 3281 deos
735 3215 838 3299 ipsos,
869 3213 925 3281 sed
954 3213 1064 3298 potius
1093 3219 1183 3281 astra
1204 3215 1257 3281 hic
1278 3217 1326 3282 in-

199 3317 309 3402 tellegi
326 3317 405 3384 vult.
449 3318 555 3396 Quare
572 3339 636 3384 non
653 3317 770 3383 mirum
788 3317 876 3402 qued
893 3316 992 3384 etiam
1009 3317 1156 3399 Dianam,
1178 3318 1325 3385 Latonae

199 3419 315 3502 filiam,
343 3420 395 3485 hic
416 3418 554 3501 inducit,
584 3440 667 3505 quae
689 3419 839 3486 nimirum
869 3442 890 3487 a
912 3420 1034 3488 talibus
1055 3420 1192 3487 Veneris
1215 3420 1324 3501 rebus,

200 3524 312 3609 quales
334 3529 433 3607 poeta
450 3529 640 3592 narraturus
657 3529 717 3606 cst,
736 3523 901 3591 abherret.
946 3524 1028 3592 Vide
1046 3523 1210 3610 Pervigilii
1230 3546 1325 3610 argu-

199 3631 342 3692 mentum
363 3625 426 3692 hoc
449 3627 491 3711 (v.
514 3631 586 3714 47):

284 3729 408 3813 Regnat
428 3730 463 3795 in
486 3730 574 3798 silvis
596 3730 708 3811 Dione,
732 3734 776 3797 tu
793 3729 939 3797 recede
960 3729 1090 3798 Delia.

199 3831 285 3916 Ergo
311 3831 419 3914 Luna,
449 3837 614 3917 tamquam
634 3838 743 3901 cetera
766 3838 872 3915 astra,
897 3832 968 3915 Sol,
999 3831 1144 3915 Lucifer,
1170 3834 1324 3919 Iuppiter,

199 3934 377 4001 Mercurius
408 3936 538 4021 (Maiae
559 3938 695 4022 pigeas)
729 3936 976 4022 intellegantur,
1012 3956 1095 4022 quae
1123 3957 1182 4020 per
1210 3944 1325 4021 aperta

199 4038 337 4105 nitentia
358 4041 370 4125 (
390 4088 397 4104 .
422 4041 454 4124 9)
478 4039 584 4105 omnia
600 4041 649 4105 rei
666 4040 787 4122 favent,
804 4040 924 4108 secluso
943 4041 1071 4125 quidem
1088 4059 1153 4105 uno
1172 4040 1326 4123 Saturno,

200 4162 294 4227 quem
316 4141 436 4226 excipit
457 4147 563 4226 poeta.

283 4246 354 4314 lam
375 4267 451 4313 vero
474 4246 621 4332 sequitur
642 4247 806 4329 narratio,
835 4267 918 4332 quae
946 4246 991 4314 ad
1017 4247 1180 4331 poeticam
1202 4244 1324 4313 fabulis

286 4453 305 4515 ¹)
323 4452 358 4507 ct
375 4452 547 4524 Wernsdori,
564 4453 593 4508 P.
611 4453 642 4510 t.
660 4452 698 4508 hl.
715 4453 754 4510 111
770 4471 797 4524 p.
816 4453 875 4510 53⁷.
