3246 5296
673 559 827 658 A

182 746 353 832 scripsisse
374 749 506 832 putaret
528 744 640 811 eodem
662 765 758 811 seusu
776 750 875 830 atque
891 765 1020 832 praeses
1038 745 1206 826 Heliconia,
1221 767 1315 830 quem

183 849 313 935 quidem
347 853 488 914 montem
523 849 624 936 paulo
659 853 735 914 ante
769 848 1021 915 memoravisset.
1078 849 1198 914 Tamen
1233 849 1315 914 veri-

184 953 320 1020 similius
347 952 477 1019 videtur
498 953 676 1019 Patricium
702 973 767 1018 non
789 952 966 1039 Apollinis,
995 951 1092 1017 immo
1114 952 1217 1039 ipsius
1232 953 1316 1019 Iovis

183 1059 324 1125 favorem
346 1057 501 1124 hocloco
525 1058 701 1142 exprimere
722 1057 870 1138 voluisse,
894 1057 979 1122 sicut
1001 1056 1150 1122 similiter
1168 1055 1316 1122 Catullus

181 1164 216 1228 in
238 1168 329 1250 nupt.
352 1161 419 1231 Pel.
444 1166 478 1228 et
499 1162 589 1228 Thet.
612 1184 640 1228 v.
664 1164 704 1227 26
724 1162 809 1228 Iovis
832 1160 975 1228 favorem
992 1151 1106 1226 laudat
1123 1160 1175 1227 his
1193 1160 1315 1226 verbis:

845 1265 897 1330 cui
919 1265 1120 1351 luppiter
1141 1264 1231 1350 ipse

259 1379 262 1383 '
311 1371 406 1458 Ipse
429 1391 504 1435 suos
527 1369 659 1435 divum
681 1369 847 1454 genitor
871 1369 1030 1435 concessit
1051 1389 1187 1434 amores.

181 1475 299 1559 Itaque
322 1474 350 1538 si
372 1473 591 1539 coniecturam
618 1473 727 1539 lacere
749 1473 834 1554 licet,
864 1473 1012 1557 equidem
1037 1472 1123 1538 iuter
1146 1472 1228 1538 duas
1250 1472 1315 1536 lec-

182 1581 287 1643 tiones
310 1577 458 1656 fluctuor,
488 1582 595 1643 utram
616 1577 801 1664 praeferam
822 1577 979 1643 nesciens.
1024 1577 1135 1661 Neque
1154 1577 1237 1641 enim
1255 1575 1317 1643 hoc

184 1682 212 1746 si
234 1681 388 1747 scribam:

310 1786 379 1851 Nec
401 1789 496 1872 pater
517 1786 589 1871 ipse
611 1785 738 1865 deum,

181 1889 316 1954 nimiam
338 1889 410 1955 loco
432 1889 497 1955 vim
519 1889 634 1955 afferre
656 1888 782 1971 videar3
804 1889 901 1954 immo
921 1889 1035 1954 similis
1052 1887 1116 1953 loci
1138 1889 1315 1972 exemplum

182 1991 278 2056 facile
307 1990 478 2057 admovere
506 1992 646 2078 possim;
677 2013 751 2056 uam
785 1991 898 2056 eadem
926 2028 971 2038 -
999 1991 1086 2075 quod
1115 1999 1200 2056 certe
1229 1991 1316 2057 haud

181 2095 272 2179 parvi
300 2097 453 2162 momenti
482 2099 534 2162 est
562 2135 605 2146 -
633 2117 744 2163 versus
781 2095 858 2161 sede
886 2097 1029 2181 positum
1063 2096 1198 2179 legimus
1233 2094 1316 2160 Giris

181 2219 262 2264 vers.
286 2202 364 2264 269:
451 2195 454 2200 ⁸

311 2302 424 2382 Quem
445 2307 566 2387 pater
587 2302 675 2389 ipse
699 2303 813 2367 deum
835 2303 956 2389 sceptri
978 2301 1108 2366 donavit
1129 2299 1260 2366 honore.

181 2406 295 2491 Neque
315 2427 391 2472 vero
415 2407 443 2472 si
464 2405 562 2471 Birtii
584 2408 819 2487 coniecturam,
850 2427 946 2491 quam
977 2427 1048 2471 cum
1076 2427 1195 2490 magna
1224 2404 1316 2470 dubi-

183 2511 308 2575 tatione
326 2510 473 2596 protulit,
497 2515 628 2576 secutus
649 2533 708 2596 pro
725 2513 803 2596 tupi,
823 2511 910 2595 quod
928 2510 1085 2576 traditum
1103 2513 1159 2589 est,
1178 2508 1316 2575 formam

180 2614 247 2700 poli
269 2613 300 2694 (i.
324 2634 350 2680 e.
374 2614 467 2694 caeli)
491 2613 590 2680 scribi
611 2614 735 2680 malim:

309 2717 376 2781 Nee
396 2721 492 2804 pater
513 2717 583 2802 ipse
604 2718 707 2803 poli,

181 2820 316 2886 nimium
337 2821 456 2887 audere
477 2821 598 2887 videar.

267 2923 391 2990 Deinde
413 2945 509 2991 versu
531 2931 587 2992 70:
647 2999 651 3010 Ι

310 3031 436 3112 atque
458 3028 554 3094 aliis
576 3027 644 3092 urit
664 3025 855 3112 praecordia
877 3023 1021 3092 flammis
1045 3028 1157 3095 Gloria

181 3130 339 3196 traditum
361 3137 419 3211 est,
449 3132 565 3217 inquo
584 3131 665 3197 haec
688 3132 763 3197 aliis
777 3131 918 3214 flammis
941 3131 1125 3196 coniunctio
1147 3136 1314 3219 tamquam

182 3255 280 3300 seusu
302 3256 414 3301 carens
436 3235 671 3301 recentioribus
694 3234 872 3300 editoribus
894 3235 1000 3301 miuus
1022 3236 1153 3322 placuit.
1188 3239 1314 3304 Riesius

180 3339 280 3422 igitur
294 3340 368 3406 olte's
378 3341 518 3424 flammis
531 3338 701 3424 legendum
713 3339 874 3424 proponit,
887 3338 1105 3407 Baehreusius
1119 3342 1214 3408 abacis
1228 3363 1313 3408 com-

181 3440 322 3507 mendat.
366 3443 411 3506 At
433 3442 547 3508 melius
577 3447 675 3527 atque
703 3442 868 3526 ingeniose
890 3443 1014 3508 Birtius
1042 3443 1150 3509 locum
1178 3445 1314 3526 sanavit,

183 3546 240 3629 qui
260 3566 311 3610 me
333 3544 446 3611 docuit
473 3566 539 3610 uon
566 3545 601 3610 iu
628 3565 706 3610 voce
729 3546 804 3612 otiis
832 3545 1050 3628 corruptelam
1076 3548 1192 3630 inesse,
1214 3550 1313 3614 immo

181 3649 215 3715 in
237 3647 451 3733 praecedente
469 3655 572 3733 atque,
595 3648 681 3733 quod
698 3649 733 3712 in
758 3655 921 3734 ,utque“
946 3651 1191 3716 restituendum.
1226 3652 1313 3737 Ergo

183 3751 212 3816 si
224 3750 374 3834 legimus:
392 3757 522 3835 utque
540 3751 640 3817 aliis
660 3751 756 3837 (dat.)
771 3754 838 3817 urit
851 3754 1045 3834 praecordia
1062 3752 1204 3820 flammis
1222 3755 1313 3842 (abl.)

183 3854 306 3934 Gloria,
324 3853 358 3920 id
370 3854 467 3920 simul
480 3856 715 3941 consequimur,
731 3857 818 3940 quod
830 3856 936 3922 adhuc
948 3857 1158 3941 pertinaciter
1172 3880 1312 3944 semper·

182 3980 244 4043 que
262 3956 481 4025 desideratum
499 3964 557 4040 est,
580 3959 703 4025 scilicet
725 3980 837 4026 sensus
855 3960 1146 4046 amplificationem,
1170 3984 1235 4047 qua
1251 3963 1313 4032 hae

182 4063 378 4144 sententiae,
406 4083 491 4148 quae
519 4065 728 4130 antecedunt:
760 4085 823 4150 por
850 4085 930 4130 cura
957 4068 1079 4148 calmo,
1107 4071 1194 4132 tum:
1224 4068 1313 4135 labor

182 4168 246 4233 otio
266 4168 365 4233 uasat
384 4167 546 4252 improbas
568 4165 610 4232 ad
632 4186 786 4232 cacumen
808 4165 972 4251 quoddam
994 4167 1166 4235 ducantur.

266 4269 432 4337 Nonnulla
453 4269 604 4357 deinceps
626 4269 726 4336 verba
748 4271 788 4336 de
810 4291 923 4338 versus
947 4277 987 4337 23
1008 4271 1061 4338 his
1078 4273 1199 4340 verbis:
1222 4275 1314 4342 dicae

181 4393 272 4439 soror
292 4375 379 4440 olma
406 4374 527 4461 (lepido
547 4374 648 4441 liceat
671 4372 788 4442 facere.
834 4375 1040 4441 Recentiores
1062 4381 1148 4442 euim
1170 4376 1312 4447 editores

181 4476 310 4544 Riesius
333 4478 830 4545 etBaehrensiusBurmanuum
852 4479 954 4546 secuti
966 4479 1123 4547 traditam
1140 4480 1312 4548 lectionem
