3246 5296
251 1258 411 1362 Carmina
433 1317 454 1362 a
472 1295 619 1380 Casparo
637 1295 773 1361 Barthio
796 1317 836 1361 ex
857 1295 956 1361 variis
978 1295 1143 1361 codicibus
1162 1295 1298 1363 collecta

164 1383 369 1484 primumque
392 1399 481 1481 edita¹
504 1398 583 1483 quid
605 1399 744 1464 audiant
771 1403 884 1464 notum
906 1404 965 1464 est.
1009 1398 1226 1464 Baehrensius
1248 1400 1298 1466 vir

165 1502 280 1567 doetus
301 1505 484 1586 postremus
510 1501 549 1566 iis
576 1521 708 1585 operam
733 1501 823 1566 dedit
848 1521 989 1585 suaeque
1014 1506 1184 1586 poetarum
1208 1503 1297 1568 Lati-

166 1625 281 1671 norum
301 1605 464 1669 minorum
493 1603 629 1669 editioni
651 1604 711 1669 snb
735 1603 856 1670 calcem
886 1625 926 1670 ea
953 1604 1110 1671 adnexuit
1131 1605 1165 1670 et
1186 1626 1297 1671 eorum

165 1727 299 1773 numero
312 1707 460 1786 inseruit,
474 1727 556 1790 quae
574 1705 756 1789 inscripsit:
779 1706 929 1787 Dubia,
948 1712 1159 1790 suspecta,
1178 1707 1299 1776 falsa.

255 1809 368 1893 Neque
392 1812 488 1873 erunt
509 1805 657 1891 profecto
686 1809 747 1873 nisi
769 1809 876 1893 pauci,
904 1815 942 1874 ut
965 1809 1087 1892 opinor,
1117 1811 1172 1893 qui
1194 1810 1299 1877 inten-

167 1913 251 1978 tiore
273 1932 353 1977 cura
375 1931 415 1976 ea
435 1910 546 1994 legant
567 1909 617 1974 vel
639 1911 819 1992 aestiment.

256 2014 364 2093 Quare
395 2013 545 2098 equidem
580 2013 613 2077 in
650 2012 736 2077 hanc
770 2013 877 2097 ipsam
910 2033 979 2078 rem
1012 2014 1227 2097 inquisiturus
1259 2016 1301 2082 ab

169 2117 328 2196 omnibus,
351 2117 406 2207 qui
428 2137 552 2182 mecum
574 2116 609 2179 in
631 2114 803 2181 obscuram
825 2119 1015 2199 vastamque
1032 2116 1117 2182 hanc
1138 2119 1302 2203 regionem

170 2220 363 2287 descendere
392 2237 455 2283 non
490 2218 655 2296 dubitant,
690 2215 732 2282 ab
771 2216 863 2281 initio
899 2222 1012 2301 coepto
1052 2219 1145 2301 quasi
1175 2220 1303 2286 veniam

169 2328 281 2408 petere
303 2321 420 2386 debere
442 2319 521 2385 mihi
543 2320 662 2384 videor.

257 2425 379 2490 Verum
400 2422 435 2487 id
450 2427 572 2510 ¹tamen
594 2421 677 2486 lucri
705 2441 765 2486 nos
794 2425 1006 2505 percepturos
1035 2443 1104 2489 esse
1134 2445 1238 2509 spero,
1266 2430 1303 2491 ut

155 2530 224 2595 ·hio
235 2529 304 2595 illic
317 2527 448 2593 tandem
467 2525 593 2592 amoeni
612 2523 737 2608 aliquid
755 2523 847 2589 nobis
866 2525 1033 2608 aperiatur
1049 2525 1167 2592 itincre
1180 2532 1304 2593 nostro.

258 2634 368 2697 Liceat
397 2630 494 2695 etiam
522 2629 577 2693 hic
604 2627 706 2712 ipsius
735 2626 899 2693 Barthii
929 2630 1122 2694 sententiam
1150 2631 1305 2713 proferre,

173 2757 237 2820 qna
269 2757 303 2801 sc
334 2734 421 2817 apud
452 2751 511 2798 nos
542 2730 767 2795 commendare
794 2729 881 2796 visus
911 2734 961 2796 est
990 2751 1138 2815 quaeque
1165 2731 1305 2800 fortasse

171 2839 249 2905 huic
277 2842 389 2904 nostro
416 2835 525 2900 studio
548 2834 689 2917 gratiam
717 2832 835 2898 inferre
863 2836 980 2916 potest.
1031 2834 1117 2900 Dicit
1150 2834 1306 2902 Barthius

173 2940 440 3008 Adversariorum
455 2937 510 3003 lib.
524 2936 631 3002 XXXI
648 2941 702 3000 13:
727 2935 802 3000 Etsi
812 2935 952 3018 plurimi
968 2938 1033 3002 sirit
1050 2939 1105 3018 qui
1122 2938 1160 3002 de
1176 2941 1307 3021 scripto-

174 3046 264 3111 ribus
296 3044 366 3109 oaoi
388 3041 550 3124 inferioris
581 3038 675 3104 aliter
698 3039 846 3120 sentiant,
871 3057 926 3120 epo
949 3042 1054 3102 tamea
1076 3043 1105 3103 et
1126 3059 1220 3123 saepe
1241 3041 1307 3106 iam

174 3148 336 3214 declaravi
359 3165 409 3209 rue
430 3145 467 3207 ia
484 3163 522 3207 ea
539 3160 606 3206 esse
619 3134 774 3206 scatentia
791 3144 821 3204 et
832 3159 904 3205 cero
915 3141 1123 3222 pertinaciter
1133 3162 1308 3224 parmomo

174 3251 247 3318 ilios
271 3249 338 3315 tuac
360 3245 564 3329 dipaissimos
586 3263 661 3308 esse.

263 3350 355 3430 Quod
379 3347 509 3430 quidem
537 3345 659 3410 dictum
689 3343 815 3409 facilius
845 3343 908 3408 erit
935 3342 1109 3424 intellectu,
1138 3345 1167 3410 si
1195 3347 1240 3410 in.
1256 3347 1307 3428 iis,

176 3476 261 3540 quae
284 3455 471 3537 sequuntur,
493 3447 590 3533 plura
611 3448 651 3512 de
672 3446 741 3511 viro
763 3444 819 3510 illo
843 3446 939 3510 docto
962 3444 1200 3529 protulerimus.

213 3634 216 3638 ,
263 3556 426 3639 Casparus
448 3549 601 3617 Barthins
631 3548 731 3632 igitur
752 3548 838 3612 inter
866 3548 1030 3631 permulta
1058 3548 1131 3629 alia,
1154 3571 1237 3634 quae
1260 3550 1310 3614 in-

178 3661 271 3746 genio
294 3658 401 3722 minus
425 3675 522 3738 qnam
546 3652 671 3717 calamo
697 3650 829 3716 molitus
851 3656 910 3731 est,
941 3650 1039 3716 etiam
1068 3651 1224 3718 nonnulla
1252 3673 1312 3718 nec

176 3771 246 3831 tam
274 3780 380 3848 pauca
407 3758 554 3823 carmina
581 3757 778 3820 incertorum
815 3757 984 3818 auctorum
1012 3753 1148 3819 diversis
1178 3775 1311 3840 opernm

178 3887 311 3936 suorum
329 3863 410 3929 iocis
429 3861 578 3945 dispersa
595 3863 727 3923 nostrae
745 3856 919 3921 memoriae
932 3856 1079 3936 tradidit,
1098 3873 1181 3938 quae
1199 3878 1312 3924 secun-

178 3970 257 4037 dum
274 3971 425 4032 naturam
440 3962 646 4045 indolemque
659 3960 692 4024 in
705 3979 874 4024 numerum
886 3957 1017 4023 illorum
1031 3959 1209 4025 carminum
1222 3961 1312 4026 Lati·
1397 3989 1398 3992 ¹

179 4092 294 4139 norum
312 4066 507 4145 referuntur,
532 4082 617 4147 quae
638 4060 736 4146 pretii
753 4060 886 4126 minoris
904 4060 956 4126 vel
974 4061 1134 4145 sequioris
1152 4063 1222 4127 aevi
1240 4081 1314 4129 esse

180 4175 276 4259 vulgo
298 4172 460 4237 dicuntur.
504 4168 620 4247 Itaque
638 4164 693 4229 uni
711 4184 750 4228 ac
768 4161 829 4229 soii
846 4157 994 4247 'Casparo
1013 4162 1148 4229 Barthio
1167 4163 1314 4247 debetur,

181 4277 268 4363 quod
290 4273 349 4339 illa
371 4272 411 4336 ab
435 4289 473 4334 eo
495 4273 658 4350 tamquam
687 4286 775 4363 opera
796 4265 1008 4348 postulantia,
1036 4271 1075 4329 ut
1103 4266 1150 4330 ait
1178 4266 1313 4335 Advers.

140 4451 143 4456 ,
179 4382 237 4449 lib.
250 4376 358 4444 XXXI
373 4379 401 4454 9,
423 4374 556 4438 inventa
570 4391 610 4435 ex
624 4369 767 4434 codicum
787 4367 946 4433 oblivione
960 4367 1012 4432 vel
1028 4387 1069 4432 ex
1086 4370 1314 4434 semirutarum

181 4481 443 4550 membranarum
461 4472 610 4557 reliquiis
629 4471 665 4536 in
690 4474 837 4535 nostrum
858 4475 1065 4554 conspectum
1087 4476 1314 4554 peruenerunt.

1162 4593 1176 4646 1
