3250 5290
647 589 801 686 *aa-

249 777 351 843 Porro
373 781 483 843 autem
505 774 660 842 nonnulla
687 775 754 841 alia
775 774 1020 860 composuimus,
1051 797 1133 859 qnae
1161 775 1204 843 ad
1225 777 1287 844 Pa-

164 881 251 948 tricii
272 886 376 947 artem
396 880 563 946 metricam
585 881 702 946 elarius
724 877 976 964 dignoscendam
997 879 1168 965 pertinent.

249 983 407 1050 Inciditur
428 985 513 1050 enim
534 987 630 1069 post
652 988 843 1068 quartum
870 982 1109 1049 trochaeum
1125 988 1191 1049 ter:
1215 1004 1243 1050 v.
1268 989 1287 1050 3

164 1090 305 1170 dodona,
328 1111 355 1154 v.
381 1093 420 1153 10
442 1089 597 1169 comitato,
615 1111 642 1155 v.
663 1092 702 1152 53
719 1090 866 1170 primum
887 1087 968 1166 item
984 1091 1036 1153 ter
1057 1093 1152 1173 post
1170 1109 1288 1174 quar·

164 1197 249 1258 tum
271 1198 311 1258 et
332 1192 520 1277 quintum
540 1191 796 1271 trochaeum,
825 1191 873 1256 ita
902 1195 940 1255 ut
968 1190 1054 1258 adsit
1081 1212 1143 1258 vox
1165 1192 1287 1278 amphi-

163 1296 329 1363 brachica:
352 1319 380 1363 v.
405 1301 423 1362 9
446 1301 567 1380 apertu,
589 1319 616 1363 v.
642 1301 681 1361 57
703 1295 816 1376 rodhe,
837 1316 865 1362 v.
889 1300 931 1360 78
950 1296 1077 1380 faedat.

249 1400 366 1483 Itaque
387 1419 428 1464 ne
450 1399 484 1464 in
505 1400 567 1465 hac
589 1398 718 1483 quidem
747 1418 783 1463 re
811 1397 987 1464 Patricium
1015 1399 1146 1466 nimium
1176 1399 1288 1484 depre-

162 1503 347 1584 hendimus,
378 1524 573 1589 quamquam
601 1502 682 1569 alios
711 1501 809 1567 etiam
831 1501 993 1568 cautiores
1014 1501 1115 1569 fuisse
1137 1504 1287 1570 concedo.

163 1607 256 1688 Quod
275 1607 360 1673 idem
381 1607 467 1672 valet
489 1605 529 1672 de
546 1605 756 1672 incisionibus
778 1611 871 1690 post
892 1607 1060 1690 primum
1083 1611 1123 1672 et
1145 1626 1287 1672 secun·
1313 1631 1314 1634 ¹

163 1710 254 1777 dum
290 1711 530 1776 trochaeum
565 1705 675 1788 factis,
716 1731 851 1793 quarum
888 1710 952 1776 duo
988 1714 1114 1776 tantum
1142 1711 1288 1795 exempla

163 1818 291 1895 extant3
313 1833 406 1881 voces
429 1813 711 1898 amphibrachioae
733 1820 807 1879 sunt
827 1835 854 1879 v.
879 1819 919 1878 45
942 1835 1057 1897 amoro,
1079 1836 1107 1881 v.
1127 1819 1165 1879 81
1187 1815 1286 1880 licere.

251 1916 329 1983 Cum
351 1917 497 1996 omnibns
528 1922 644 1997 antem,
674 1923 756 2001 'quas
785 1915 991 1996 laudavimus,
1020 1917 1175 1983 metricae
1205 1919 1288 1983 artis

161 2020 338 2087 virtutibus
377 2022 554 2101 consentit,
595 2021 681 2105 quod
720 2021 878 2086 Patricius
922 2021 1020 2086 etiam
1059 2021 1287 2086 clausulam
1370 2031 1371 2036 ’

160 2124 396 2190 hexametri
419 2145 544 2208 semper
565 2123 742 2208 legitimam
765 2122 913 2189 adhibet:
935 2143 1029 2189 voces
1047 2122 1287 2208 monosyllabae

161 2249 339 2310 numnquam
374 2226 518 2294 efficiunt
545 2249 656 2294 versus
685 2231 820 2309 exitum,
857 2247 982 2313 semper
1016 2233 1075 2293 aut
1101 2227 1288 2311 disyllabae,

162 2332 280 2415 quibus
307 2335 423 2416 quater
445 2336 504 2416 (vv.
530 2337 578 2397 21.
602 2337 652 2398 44.
677 2337 727 2397 49.
751 2335 805 2416 78)
833 2332 999 2415 praecedit
1022 2329 1287 2416 monosyllabum,

161 2442 221 2502 ant
242 2435 442 2521 trisyllabae.

248 2537 396 2604 Ceterum
418 2538 570 2624 quod‚ad
591 2539 709 2624 leges
731 2538 1008 2622 prosodiaoas
1031 2540 1163 2618 attinet,
1192 2561 1232 2606 ne
1254 2543 1287 2607 in

160 2645 200 2709 iis
236 2642 365 2727 quidem
399 2642 559 2708 Patricius
593 2647 722 2724 peccat;
766 2643 844 2727 quin
879 2645 977 2708 etiam
1017 2643 1287 2729 castigatissimus

162 2749 311 2814 sentitur.

246 2846 388 2915 Afferam
406 2853 585 2934 praeterea,
604 2848 692 2933 quod
707 2869 817 2914 vocem
835 2850 967 2914 coinon
986 2848 1081 2914 aliter
1098 2849 1160 2915 nisi
1178 2871 1287 2916 mono-

162 2953 323 3039 syllabum
346 2958 499 3038 usurpat:
528 2953 565 3018 ef.
589 2977 617 3019 v.
641 2958 681 3018 42
709 2953 770 3020 Cui
792 2953 885 3034 loom,
907 2976 934 3018 v.
958 2956 998 3018 68
1024 2954 1091 3021 Nec
1106 2959 1202 3037 pater
1223 2957 1290 3041 iprae

161 3060 254 3124 deum
275 3061 430 3140 cuiquam.

246 3160 391 3243 Denique
413 3181 453 3225 ne
474 3155 537 3225 h'oc
555 3159 684 3243 quidem
703 3160 775 3244 plus
793 3159 894 3226 habet
912 3160 1105 3242 offensionis,
1128 3162 1214 3245 quod
1232 3184 1293 3230 vox

161 3266 289 3332 abacos
317 3263 368 3329 bis
398 3262 570 3329 adhibetur
599 3268 750 3347 correpta
777 3263 885 3330 media
914 3263 1041 3349 syllaba
1070 3269 1104 3330 et
1132 3289 1159 3330 v.
1190 3271 1230 3330 25
1260 3271 1293 3332 et

160 3392 190 3435 v.
213 3373 254 3433 89
279 3367 447 3453 (chirius).
490 3366 600 3432 Etiam
615 3365 776 3451 Vergilius
794 3366 895 3432 babet
907 3367 985 3434 Aen.
999 3366 1044 3434 VI
1057 3370 1120 3434 644
1130 3370 1294 3454 plaudunt

161 3471 304 3539 cbdrt‘os.
315 3472 337 3552 1)

247 3577 359 3656 Tenes,
389 3595 472 3660 quae
495 3573 534 3640 de
556 3575 692 3640 metrica
714 3572 864 3640 carminis
894 3573 1080 3640 condicione
1102 3575 1294 3658 exponenda

161 3678 341 3744 videantur.
386 3681 475 3756 Quae
506 3700 577 3743 cum
604 3678 653 3744 ita
684 3697 718 3744 se
748 3676 902 3757 habeant,
931 3697 1033 3762 paene
1063 3676 1143 3743 nihil
1176 3680 1293 3745 attinet

163 3781 293 3861 addere,
316 3782 402 3864 quod
424 3781 559 3848 Patrioii
579 3781 614 3847 bi
636 3802 745 3847 versus
774 3786 901 3846 tantum
931 3780 1051 3846 absunt
1079 3803 1100 3847 a
1127 3781 1292 3848 Barthii

161 3885 263 3951 multo
287 3884 444 3950 deteriore
467 3890 538 3951 arte
560 3886 701 3965 metrica,
730 3889 768 3950 ut
791 3884 844 3968 qui
866 3904 986 3968 paucos
1015 3887 1143 3950 tanturn
1164 3885 1292 3954 Barthii

161 4009 273 4055 versus
294 3987 419 4072 legerit,
438 3988 584 4074 desipere
601 3988 750 4055 videatur
768 3989 968 4072 epithalamii
985 4009 1096 4054 versus
1113 3989 1202 4055 illius
1221 4011 1291 4057 esse

162 4091 361 4159 existimans.
405 4091 627 4173 Nihilominus,
655 4112 697 4157 ne
725 4092 803 4177 quid
833 4091 1095 4177 praetermittere
1118 4092 1292 4174 videamur,

162 4195 316 4262 nonnulla
337 4195 390 4260 bic
418 4195 585 4262 audiamus
614 4194 768 4278 exempla,
798 4215 882 4280 quae
904 4195 1101 4262 Barthianae
1132 4197 1197 4262 arti
1224 4217 1291 4262 me-

252 4437 270 4507 ¹)
290 4435 330 4491 Gf.
350 4437 473 4506 Gorssen,
491 4437 537 4491 iib.
555 4435 729 4505 Ausspraohe
747 4437 773 4490 d.
788 4437 834 4490 lat
851 4437 909 4506 Spr.
923 4437 949 4490 Π
967 4453 993 4506 p.
1010 4439 1060 4491 157
1074 4439 1102 4490 et
1119 4438 1186 4504 3313
1204 4436 1291 4490 Lach-

165 4538 257 4592 mann,
276 4522 380 4578 Gomm.
398 4523 434 4577 ad
446 4523 605 4578 Lucretium
622 4542 649 4593 p.
669 4525 726 4578 159.
