3246 5296
695 547 852 642 A

215 733 294 799 satis
316 721 445 816 copiose
473 725 652 798 inchoatus
681 734 856 815 appareret
885 727 1071 796 fabularum
1101 727 1340 814 apparatuasi

213 836 311 903 Liber
332 841 390 903 aut
411 838 594 903 Faunorum
617 840 650 900 et
673 835 864 921 Satyrorum
891 855 1005 920 greges
1028 835 1190 902 abessent.
1235 834 1338 901 Testi-

214 940 320 1006 monio
351 945 402 1006 est
430 940 606 1006 Himerii
640 937 802 1022 sophistae
837 943 919 1004 orat.
945 939 962 1003 I
992 942 1052 1019 20,
1088 959 1150 1022 quo
1185 939 1255 1004 loco
1286 958 1339 1004 res

215 1044 333 1128 optime
354 1043 515 1110 illustrari
536 1043 672 1110 videtur.
716 1041 777 1108 Est
799 1045 907 1108 autem
935 1040 993 1107 illa
1020 1042 1094 1125 ipsa
1125 1040 1229 1107 oratio
1258 1042 1339 1109 nihil

214 1147 304 1213 aliud
334 1147 396 1212 nisi
433 1146 676 1232 epithalamium
713 1145 818 1213 soluto
856 1166 1000 1212 sermone
1039 1143 1177 1226 diotum3
1213 1147 1340 1230 egregie

213 1237 339 1315 ibidem
355 1249 518 1316 Himerius
540 1271 599 1316 noe
621 1249 715 1316 docet
736 1249 906 1332 quomodo,
929 1250 957 1315 si
975 1251 1074 1331 poeta
1097 1254 1191 1330 esset,
1214 1248 1339 1334 epitha-

213 1353 348 1420 lamium
368 1355 567 1420 institueret:

292 1453 427 1543 ”anque
450 1461 506 1545 γάρ
529 1453 574 1535 ἄν,
596 1456 710 1541 inquit,
735 1451 833 1543 αὖτήν
856 1462 910 1536 (sc.
933 1463 1095 1540 sponsam)
1120 1451 1259 1576 οὗνποιροῖ
1281 1467 1340 1543 βω-

214 1556 273 1644 μὸν
293 1556 497 1640 Ἀπόλλωνος,
526 1555 629 1628 ἄλλ’
614 1589 647 1626 εν
666 1556 884 1646 Ἀφροδίτης
864 1554 969 1627 αλσεσι
991 1569 1113 1646 χρυσοῖς
1134 1564 1339 1629 κατάστικτον·

214 1693 328 1751 ηγαγον
349 1665 415 1730 d
396 1695 432 1732 αν
453 1669 485 1731 ἐκ
507 1667 565 1748 μὲν
580 1659 720 1750 Ἀθηνῶν
742 1691 797 1741 τας
818 1663 968 1743 Μούσας,
995 1692 1050 1743 τας
1072 1667 1233 1752 Νηρηΐδος
1255 1669 1323 1732 δὲ’
1308 1695 1340 1732 εκ

215 1765 271 1834 τοῦ
288 1772 425 1854 γείτονος,
447 1765 574 1853 νυμφῶν
591 1796 625 1834 τε
643 1760 750 1852 χοροῦς
766 1796 815 1833 και
807 1763 1017 1852 Δρυάδων
998 1798 1016 1854 η
1018 1795 1064 1854 χω
1082 1797 1139 1836 και
1132 1768 1341 1854 Σατορονς

216 1879 452 1956 σκιρτῶντας
480 1875 543 1937 καὶ
566 1868 677 1938 Helva
699 1872 913 1954 σορίζοντα
936 1878 995 1937 καὶ
1017 1870 1143 1938 πάντα
1164 1874 1228 1939 τὸν
1250 1880 1340 1941 Διο-

214 1999 333 2040 νοσον
354 1977 498 2041 θίασον
520 1969 712 2049 ἐντεῦθεν,
697 2001 770 2038 οποο
792 2001 830 2039 τα
822 1973 995 2056 δρωμενα.

300 2074 383 2144 Huic
411 2075 510 2159 igitur
538 2074 672 2139 Himerii
700 2075 791 2157 quasi
818 2075 1022 2159 praescripto
1050 2075 1227 2158 Patricius,
1256 2078 1342 2144 sicut

215 2178 308 2244 multi
330 2179 388 2244 alii
410 2178 555 2244 eiusdem
577 2177 647 2243 aevi
668 2183 792 2261 poetae,
815 2178 987 2244 obsecutus
1010 2183 1069 2246 est.

302 2281 371 2346 Iam
392 2286 502 2348 autem
524 2281 591 2347 alia
609 2281 757 2365 quaestio
777 2281 889 2360 oritur,
909 2302 966 2347 cur
983 2287 1080 2365 poeta
1097 2281 1341 2350 Thessaliam

216 2387 313 2469 atque
342 2382 427 2450 hanc
456 2384 660 2467 potissimum
688 2385 851 2468 regionem
880 2383 986 2450 locum
1017 2406 1089 2452 esse
1116 2387 1267 2467 voluerit,
1299 2388 1342 2454 ad
1369 2441 1376 2454 .

132 2475 139 2484 ⁸
216 2507 311 2569 quem
331 2485 391 2553 fiat
411 2483 552 2553 Veneris
568 2488 673 2552 exitus
701 2485 822 2571 ubique
850 2487 1034 2554 fabularum
1064 2510 1220 2573 personae
1247 2490 1341 2557 ludos

216 2589 348 2657 faciant.
394 2591 488 2670 Quod
510 2610 580 2656 cum
602 2591 706 2674 primo
729 2590 846 2656 obtutu
873 2591 1054 2658 luculenter
1081 2613 1145 2659 non
1174 2597 1341 2678 appareat,

215 2693 309 2760 facile
332 2695 468 2779 cogitari
488 2697 596 2779 potest
617 2693 795 2759 Patricium
817 2695 919 2760 solam
940 2696 983 2761 ob
1005 2715 1077 2762 eam
1094 2717 1233 2777 causam,
1255 2698 1341 2781 quod

216 2797 257 2862 ad
285 2797 390 2879 magis
419 2796 650 2863 illustrandam
677 2797 843 2881 magisque
875 2798 1093 2864 exornandam
1121 2802 1342 2867 narrationem

215 2921 268 2966 res
290 2905 379 2967 certo
400 2902 472 2967 loco
495 2921 591 2986 quam
617 2901 842 2967 amoenissimo
871 2923 975 2986 neque
1004 2923 1024 2968 a
1052 2889 1115 2969 diis
1136 2905 1216 2987 ipsis
1238 2905 1341 2971 alieno

215 3003 287 3069 fieri
304 3003 410 3084 vellet,
427 3005 533 3087 ipsum
550 3004 584 3069 in
601 3002 683 3070 illud
701 3005 841 3070 omnium
859 3025 1065 3073 amoenorum
1082 3007 1225 3074 locorum
1244 3014 1342 3092 caput

215 3106 375 3172 incidisse.
427 3109 579 3172 Attamen
614 3105 703 3172 aliud
737 3107 860 3172 certius
895 3109 1063 3174 consilium
1096 3113 1226 3194 poetam
1260 3111 1343 3177 haec

216 3209 390 3296 fingentem
420 3211 454 3274 in
484 3211 591 3276 animo
627 3209 780 3275 habuisse
818 3211 966 3293 equidem
1000 3219 1089 3296 puto.
1139 3215 1222 3279 Nam
1258 3215 1343 3279 sicut

217 3312 413 3379 Claudianus
434 3313 469 3377 in
491 3311 689 3397 epithalamii
708 3313 830 3378 Pallad.
851 3319 884 3379 et
901 3313 1002 3380 Celer.
1017 3338 1045 3383 v.
1063 3321 1122 3381 105
1136 3338 1183 3401 sq.
1208 3317 1341 3383 Veneris

100 3452 102 3463 =
216 3417 403 3499 choragium
433 3415 617 3482 describens
651 3416 780 3480 minime
811 3416 854 3481 ad
886 3417 1057 3484 arbitrium
1089 3441 1189 3503 aquas
1226 3419 1341 3486 Italiae

215 3519 351 3604 Alpibus
364 3519 488 3585 vicinae
500 3523 667 3600 memorat,
689 3520 746 3586 sed
758 3520 876 3603 potius,
897 3524 936 3585 ut
947 3520 1069 3586 indicet
1081 3522 1114 3587 in
1127 3522 1184 3588 illa
1202 3523 1340 3608 regione,

215 3622 389 3690 Mediolani
418 3622 555 3704 scilicet,
585 3623 766 3690 celebratas
795 3644 866 3690 esse
898 3644 1092 3707 sponsorum
1120 3626 1264 3708 nuptias,
1293 3628 1343 3692 ita

215 3727 377 3792 Patricius
396 3746 522 3810 quoque
537 3725 735 3792 Thessaliam
748 3731 848 3813 atque
866 3727 1016 3794 Peneium
1029 3727 1146 3794 flumen
1162 3751 1342 3797 memorans

217 3834 341 3895 certum
358 3829 401 3895 ad
418 3848 610 3912 sponsorum
627 3850 784 3914 personas
802 3836 950 3916 spectans
967 3831 1134 3897 consihum
1154 3839 1341 3916 persecutus

215 3934 342 4000 videtur
363 3952 445 3998 esse.

301 4033 386 4114 Quid
413 4055 490 4101 vero
521 4039 620 4119 poeta
649 4056 746 4119 porro
778 4037 818 4102 de
849 4036 976 4120 sponsis
1006 4037 1157 4123 Auspicio
1188 4044 1221 4104 et
1250 4039 1343 4106 della

216 4138 358 4204 carmine
380 4136 550 4204 nobiscum
573 4140 809 4207 communicat?
850 4141 934 4205 Nam
954 4141 1029 4207 inde
1052 4162 1187 4207 eversu
1209 4148 1249 4208 49
1272 4143 1342 4210 fieri

214 4242 367 4321 videmus,
388 4245 427 4306 ut
442 4262 528 4323 vera,
551 4263 634 4326 quae
652 4244 778 4327 agenda
795 4250 872 4310 sunt
888 4250 1014 4327 poetae,
1036 4266 1110 4309 cum
1127 4243 1210 4310 fictis
1229 4266 1341 4312 conec·

216 4349 339 4412 tantur.
389 4342 649 4430 Hymenaeus
686 4347 785 4428 enim,
818 4347 874 4432 qui
908 4368 926 4413 e
961 4348 1095 4414 Veneris
1130 4353 1222 4414 coetu
1257 4351 1342 4416 olam

217 4437 388 4534 aufugerat
419 4449 569 4531 Romam,
600 4452 753 4515 narratur
790 4450 897 4517 subito
927 4451 1033 4517 redire
1071 4470 1175 4517 secum
1207 4453 1341 4520 trahens

1184 4570 1222 4628 2*
