3246 5296
803 543 956 638 „³9-

316 733 451 799 inscinm
480 750 552 796 eum
579 727 736 793 nonnulla
762 727 806 794 ad
826 727 910 794 alins
932 733 1049 814 poetae
1072 729 1249 815 exemplum
1272 729 1440 816 scripsisse

317 835 411 904 facile
433 831 633 900 crediderim.

402 939 520 1004 Verum
541 935 575 1002 id
597 938 721 1022 spectat
740 935 899 1021 imprimis
920 934 962 1000 ad
984 955 1039 1001 eos
1060 937 1182 1020 poetas,
1210 955 1346 1020 quorum
1367 936 1442 1003 libri

314 1041 469 1107 diuturna
503 1037 571 1104 fere
606 1037 837 1104 consuetudine
871 1043 939 1103 tum
957 1038 1166 1106 ¹terebantur.
1228 1039 1319 1106 Inter
1360 1061 1440 1124 quos

315 1146 495 1232 principem
516 1141 641 1208 obtinet
662 1143 769 1207 locum
790 1141 997 1227 vergilius.

403 1245 467 1312 Sed
494 1246 561 1310 iarn
588 1245 693 1330 ipsum
715 1243 958 1331 epithalamium
980 1246 1226 1333 perlustrcmus,
1254 1246 1311 1313 ubi
1333 1251 1443 1314 noster

316 1351 454 1436 vestigia
475 1348 610 1432 Vergilii
631 1348 770 1416 aliorum
791 1349 956 1432 ingressus
979 1351 1030 1430 sit,
1052 1349 1254 1433 indagantes.
1297 1333 1302 1344 ⁶

401 1453 554 1519 Imitatur
575 1456 684 1518 autem
701 1453 878 1538 Vergilium
899 1476 926 1518 r.
949 1457 1005 1519 18:

443 1560 680 1645 Purpureas
703 1576 815 1622 croceo
840 1577 959 1622 suras
981 1557 1146 1623 evincta
1169 1557 1370 1624 cothurno

317 1665 373 1748 qui
394 1663 437 1729 ad
458 1662 588 1728 verbum
612 1657 679 1726 fere
707 1659 917 1746 depromptus
944 1679 984 1726 ex
1006 1660 1155 1726 Aeneidis
1177 1661 1253 1726 libri
1275 1661 1292 1726 Ι
1312 1683 1341 1727 r.
1366 1667 1447 1728 337:

444 1765 745 1850 Purpureoque
771 1765 836 1829 alte
866 1785 985 1831 suras
1006 1765 1162 1831 vincire
1185 1764 1399 1846 cothurno,

315 1869 367 1936 vel
389 1867 466 1934 Bne.
488 1865 550 1932 Vll
571 1887 600 1932 v.
625 1870 680 1931 32:
704 1887 826 1934 suras
850 1865 1016 1933 evineta
1039 1867 1251 1934 cothurno.

401 1990 533 2056 Itemv.
557 1986 719 2054 caterba
748 1989 901 2074 pendebat
926 1989 1100 2054 cantharas
1129 1989 1293 2054 Patricius
1324 1988 1443 2053 eVer-

319 2093 396 2179 gilio
419 2093 571 2179 sumpsit,
600 2092 656 2175 qui
677 2092 753 2157 Buc.
777 2091 839 2156 VH
863 2098 902 2157 17
927 2091 968 2157 de
997 2091 1109 2158 eodem
1132 2091 1240 2159 Sileno
1263 2092 1374 2158 eadem
1396 2092 1443 2156 in-

317 2219 415 2285 super
436 2217 550 2264 versus
573 2196 649 2262 sede
672 2195 767 2261 dicit:
795 2196 948 2282 perdebat
969 2197 1150 2264 cantharas.

402 2319 484 2383 Item
505 2314 587 2384 illud
609 2337 637 2380 v.
660 2318 718 2382 69:

445 2419 568 2485 labor
590 2419 659 2484 otia
679 2417 782 2484 nescit
802 2418 1023 2505 Improbus

318 2525 361 2591 ad
382 2523 515 2608 Vergilii
537 2523 717 2609 exemplum
738 2521 859 2587 dictum
888 2541 958 2587 esse
982 2521 1048 2586 iarn
1070 2526 1208 2608 apparet
1230 2541 1269 2587 ex
1290 2520 1444 2586 metricae

315 2627 488 2692 verborum
511 2624 598 2690 sedis
622 2623 842 2690 similitudine.
889 2623 928 2688 cf,
952 2624 1065 2709 Georg.
1088 2624 1103 2690 I
1128 2630 1204 2690 145:

444 2729 565 2796 labor
587 2728 696 2794 omnia
716 2727 1043 2814 vicitvaprcbns.

403 2849 509 2932 Atque
538 2847 637 2915 etiam
666 2847 754 2912 dicta
780 2853 818 2912 ut
844 2848 957 2932 faciles
981 2847 1091 2913 Faciat
1112 2850 1153 2933 (v.
1176 2852 1230 2931 37)
1253 2848 1301 2913 vel
1325 2834 1445 2914 Rcrriae

316 2953 489 3018 advertisse
501 2951 611 3038 pedere
625 2951 666 3036 (v.
683 2953 737 3033 57)
752 2947 930 3034 Vergilium
944 2950 1084 3036 sapiunt,
1099 2949 1154 3034 qui
1168 2950 1247 3015 dicit
1260 2950 1335 3017 Buc.
1349 2949 1397 3014 III
1412 2955 1443 3014 9:

314 3056 427 3141 faciles
452 3055 619 3140 Nyrrephae
641 3057 674 3118 et
695 3055 775 3120 Aen.
799 3053 845 3118 VI
868 3057 945 3120 386:
974 3055 1142 3140 pedemque
1164 3053 1322 3119 aduertere
1343 3057 1442 3139 ripae.

316 3160 484 3226 Postremo
514 3157 596 3222 talia
622 3167 657 3221 ut
679 3155 741 3221 hoc
763 3179 792 3224 r.
816 3160 872 3221 21:
902 3157 1059 3222 aetherias
1086 3157 1130 3222 ad
1159 3177 1261 3222 auras
1286 3157 1336 3222 vel
1364 3156 1445 3222 illud

316 3284 344 3328 v.
375 3268 433 3328 91:
469 3266 542 3327 cate
572 3281 630 3327 cra
659 3281 790 3328 sacrare
825 3266 975 3346 spectant
1006 3260 1047 3326 ad
1083 3280 1122 3324 ea
1156 3258 1245 3326 dicta
1279 3260 1446 3326 sollemnia

316 3365 510 3452 saepiusque
526 3385 546 3430 a
560 3363 667 3450 poetis
680 3363 814 3444 usitata,
836 3384 919 3446 quae
934 3383 1034 3447 supra
1048 3362 1195 3446 pluribus
1210 3363 1316 3429 serbis
1330 3384 1445 3429 memo·

317 3471 468 3535 ravimus.
513 3466 702 3553 Exemplum
720 3465 809 3531 dedit
822 3464 984 3550 Vergilius
1003 3485 1075 3531 cum
1089 3465 1171 3531 dixit
1185 3471 1219 3532 et
1232 3470 1309 3533 Aen.
1324 3466 1369 3532 IV
1382 3471 1444 3532 445
1544 3543 1552 3564 ·

316 3572 367 3640 vel
389 3574 503 3656 Georg.
526 3571 663 3637 11291:
697 3572 741 3637 ad
766 3591 867 3637 aeras
889 3571 1057 3637 Aetherias
1084 3575 1118 3636 et
1140 3572 1216 3636 Aen.
1240 3570 1284 3636 VI
1307 3575 1368 3636 308
1399 3574 1446 3654 (et

317 3677 475 3763 saepius):
498 3680 570 3741 arete
592 3695 649 3740 cra
670 3679 848 3760 parentare.

403 3795 474 3861 Huc
496 3794 639 3862 fortasse
661 3794 803 3879 pertinet
825 3794 925 3859 etiam
942 3792 1024 3858 illud
1045 3816 1074 3859 v.
1095 3798 1151 3859 39:
1173 3793 1302 3860 aethera
1318 3793 1446 3876 chayer

315 3899 465 3981 verbera,
498 3898 584 3982 quod
613 3897 699 3963 idern
729 3897 891 3964 Patricius
922 3918 942 3962 a
972 3896 1113 3980 Vergilio
1142 3896 1270 3978 didicit;
1301 3917 1377 3962 nam
1406 3895 1446 3962 cf·

316 4003 396 4069 Aen.
419 4002 448 4066 V
474 4006 549 4070 140:
571 4003 647 4086 ferit
668 4001 796 4068 aethera
813 4001 931 4066 clamer
953 4004 987 4066 et
1004 4000 1087 4068 adde
1100 3999 1181 4066 illud
1200 4020 1343 4085 quoque:
1367 4000 1446 4065 Aen.

317 4106 365 4172 XI
388 4107 469 4170 756:
492 4103 589 4170 simul
610 4104 737 4171 aethera
758 4105 901 4170 aebeat
921 4104 994 4170 alis.

404 4227 474 4290 Iam
504 4229 611 4290 autem
643 4224 822 4294 Ovidium
853 4223 938 4308 apud
968 4222 1144 4288 Patricium
1178 4222 1329 4307 persequi
1358 4222 1446 4292 licet.

319 4345 404 4413 Huic
427 4349 543 4431 poetae
565 4343 625 4411 illa
646 4344 745 4411 Sileni
767 4344 851 4411 ebrii
872 4343 1048 4427 descriptio
1078 4342 1216 4409 debetur
1244 4365 1272 4408 v.
1302 4348 1358 4407 41:

369 4533 372 4539 Ι
445 4449 552 4515 Ecce
573 4452 693 4532 pater
713 4448 849 4533 pando
870 4447 1030 4514 recubans
1053 4445 1222 4512 Silenus
1244 4443 1385 4514 asello.
