3246 5296
679 552 831 648 A

174 734 334 799 mium“
364 736 566 816 nominatur,
602 736 758 800 nonnulla
786 734 937 801 videntur
964 737 1219 818 praemittenda,
1255 726 1319 819 ouo

89 855 93 864 ·
189 833 319 922 facilius
349 837 590 922 intellegamus,
623 837 775 919 qualibus
804 837 904 919 signis
936 842 1034 920 atque
1065 839 1319 921 proprietatibus

151 1013 156 1022 ,
191 939 314 1002 seriora
330 939 535 1022 potissimum
552 938 771 1022 epithalamia,
796 959 934 1022 quorum
951 938 983 1003 in
1003 961 1167 1004 numerum
1187 941 1321 1006 Patrioii

175 1058 319 1121 quoque
341 1039 586 1122 epithalamium
607 1041 708 1124 recipi
729 1041 885 1120 volumus,
907 1040 1047 1123 insignia
1069 1048 1259 1123 appareant.

150 1152 153 1158 '
276 1141 357 1204 Nam
393 1142 652 1225 epithalamium,
695 1161 822 1207 carmen
858 1140 1013 1206 sollemne
1049 1163 1069 1205 a
1105 1144 1318 1208 Romanorum

190 1243 295 1325 poetis
318 1243 427 1309 studio
450 1245 590 1328 quodam
613 1251 645 1310 et
667 1265 778 1309 amore
802 1242 939 1322 cultum,
968 1245 1100 1326 proprio
1129 1265 1227 1309 sensu
1256 1267 1320 1311 non

190 1343 224 1408 id
243 1364 311 1408 esse
330 1352 466 1426 constat,
486 1348 573 1429 quod
591 1366 707 1410 nomen
725 1344 893 1429 significet,
916 1345 1002 1428 quod
1019 1345 1107 1428 apud
1125 1349 1322 1430 exemplaria

192 1445 319 1512 Graeca
340 1451 544 1534 ἑπιθαλάμιος
566 1450 683 1514 fuerat.
728 1449 810 1512 Nam
830 1471 850 1512 a
872 1447 1030 1531 principio
1053 1467 1181 1514 carmen
1203 1449 1321 1529 fuerat,

108 1598 111 1603 -
192 1552 278 1633 quod
323 1552 414 1617 nouis
450 1556 560 1635 nuptis
596 1551 775 1616 thalamum
809 1550 965 1630 ingressis
999 1551 1138 1630 virgines
1174 1553 1321 1616 concine-

190 1651 286 1733 bant,
323 1656 413 1718 cuius
451 1654 576 1736 generis
612 1652 758 1735 exempla
795 1651 922 1716 Catullo
962 1650 1131 1734 debemus3
1172 1649 1321 1720 conferas

191 1755 308 1820 catuli
338 1759 483 1822 carmina
510 1758 582 1821 LXI
604 1761 637 1821 et
659 1754 764 1833 LXII,
794 1775 877 1837 quae
905 1753 1095 1836 parimodo
1123 1776 1256 1837 prorsus
1279 1759 1322 1823 ad

192 1858 317 1924 Graeca
348 1859 496 1942 exempla
524 1860 704 1943 composita
725 1857 891 1935 videntur,
921 1858 1050 1921 etiamsi
1074 1878 1201 1924 carmen
1224 1861 1321 1940 LXII,

192 1962 277 2043 quod
306 1962 436 2042 quidem
458 1962 677 2041 Quintilianus
702 1960 829 2024 nomine
853 1959 1054 2043 epithalamii
1078 1960 1238 2044 significat
1267 1962 1321 2048 (of.

189 2064 236 2128 IX
259 2069 293 2142 3,
321 2067 357 2126 16
397 2064 542 2129 Catullus
569 2065 605 2129 tu
633 2063 862 2146 epithalamio),
900 2061 996 2126 simul
1024 2069 1157 2145 propter
1185 2062 1322 2130 formam

177 2167 403 2232 ¹alternariam
447 2168 490 2231 ad
528 2170 654 2231 veteres
694 2166 911 2230 Romanorum
952 2186 1063 2230 versus
1103 2166 1322 2234 Fescenninos

191 2275 325 2353 spectat.
361 2271 480 2334 Postea
502 2274 610 2332 autem
633 2288 726 2333 omne
749 2267 895 2350 nuptiale
917 2286 1056 2344 carmen,
1080 2289 1144 2351 quo
1162 2291 1214 2334 res
1232 2271 1323 2354 ipsae

190 2372 353 2453 nuptiales
376 2378 409 2437 et
432 2390 625 2453 sponsorum
647 2369 762 2434 laudes
785 2367 1020 2447 referebantur,
1046 2376 1175 2435 servato
1195 2373 1323 2438 nomine

191 2474 431 2556 epithalamium
454 2474 689 2538 nominabatur.
726 2472 820 2536 Talia
843 2477 951 2536 autem
974 2474 1117 2537 carmina
1136 2478 1324 2556 superstitio

190 2576 347 2641 habemus
373 2574 530 2659 imprimis
560 2575 658 2640 Statii
682 2579 714 2639 et
737 2573 918 2640 Claudiani.
958 2575 1098 2652 Quorum
1120 2578 1324 2659 potissimum

192 2677 404 2760 epithalamia
432 2679 659 2762 panegyricam
689 2676 828 2758 speciem
861 2677 927 2740 iam
949 2676 1107 2759 praebent
1129 2700 1189 2744 nec
1210 2703 1325 2764 parum

193 2801 230 2846 eo
262 2785 427 2863 spectant,
464 2785 502 2845 ut
533 2801 604 2845 cum
634 2780 823 2862 nuptiarum
854 2798 1005 2862 pompam
1037 2779 1325 2866 celebritatemque

193 2884 278 2947 omni
313 2883 497 2947 fabularum
534 2886 697 2964 apparatu
733 2880 812 2946 satis
848 2881 977 2963 copiose
1011 2882 1220 2965 instructam,
1256 2892 1325 2949 turn

192 2985 331 3050 maxime
361 3004 555 3066 sponsorum
583 2985 699 3048 laudes
729 2988 829 3068 atque
851 2983 990 3048 virtutes
1013 2984 1210 3068 praedicent.
1255 2988 1326 3064 Qua

192 3087 225 3152 in
248 3089 374 3152 ratione
393 3092 430 3150 ut
447 3089 594 3150 nostrum
614 3106 742 3168 quoque
760 3105 898 3166 carmen,
921 3087 970 3151 ita
991 3087 1099 3150 omnio
1115 3087 1174 3152 illa
1191 3110 1325 3154 numero

192 3211 258 3257 non
275 3209 381 3273 pauca
398 3187 562 3252 inferioris
581 3189 652 3253 aevi
669 3187 878 3270 epithalamia
896 3188 1019 3254 versari
1036 3189 1191 3268 uidemus,
1213 3211 1326 3274 quam-

195 3315 291 3378 quam
319 3295 352 3357 in
382 3292 428 3356 eis
459 3291 709 3356 christianorum
740 3298 907 3357 anctorum
935 3293 1054 3358 fetibus
1077 3300 1221 3360 veterum
1250 3297 1326 3359 (leo-

193 3419 265 3463 rum
300 3397 456 3480 imagines
492 3393 689 3459 christianae
720 3395 868 3478 religioni
905 3397 1044 3479 quadam
1074 3402 1168 3461 tenus
1200 3417 1326 3462 accom-

193 3501 343 3564 modatae
380 3502 546 3579 apparent.
603 3495 727 3562 Extant
765 3501 872 3562 autem
908 3497 1120 3580 epithalamia
1152 3501 1325 3564 secundum

195 3602 408 3668 Claudianum
430 3588 568 3679 Paulini,
599 3599 723 3664 Sidonii
745 3599 952 3682 Apollinaris,
976 3600 1154 3681 Dracontii,
1177 3602 1326 3682 Ennodii,

193 3705 335 3782 Luxorii,
365 3703 516 3768 Venantii
537 3702 708 3770 Fortunati
736 3702 874 3767 aliorum
902 3703 968 3768 sive
989 3704 1237 3769 christianorum
1261 3705 1327 3770 sive
1357 3695 1362 3704 ’

194 3807 336 3872 nondum
359 3805 620 3870 christianorum.

281 3908 348 3972 Nec
376 3928 455 3972 sane
483 3907 601 3972 mirum
623 3906 727 3972 videri
748 3911 875 3990 potest,
904 3908 990 3991 quod
1018 3906 1095 3973 huic
1123 3908 1327 3991 potissimum

193 4012 303 4095 poesis
326 4009 437 4093 generi
458 4008 626 4075 inferiores
648 4015 765 4092 poetae
788 4009 871 4075 adeo
890 4029 1021 4093 operam
1039 4009 1208 4077 dederunt.
1244 4010 1325 4075 Nam

196 4134 259 4196 quo
282 4119 426 4194 tempore
449 4132 525 4175 vera
545 4117 691 4176 veterum
713 4111 845 4177 deorum
865 4111 974 4195 opinio
992 4112 1199 4194 iampridem
1217 4113 1327 4179 deleta

196 4219 276 4294 erat,
300 4234 372 4278 cum
394 4214 566 4296 praecipue
588 4214 773 4296 nuptiarum
796 4214 863 4278 ritu
881 4215 1005 4296 agendo
1023 4214 1139 4280 veteris
1161 4213 1327 4297 religionis

195 4317 348 4383 instituta
368 4316 401 4379 in
418 4317 605 4380 memoriam
622 4316 787 4381 hominum
804 4317 949 4382 revocari
966 4317 1161 4397 riderentur,
1179 4315 1327 4383 felicissi-

195 4439 284 4488 mum
306 4437 345 4485 ac
367 4417 478 4483 multis
501 4424 668 4502 acceptum
690 4439 780 4504 opus,
804 4439 868 4504 quo
890 4439 976 4487 nova
997 4441 1036 4486 ac
1052 4424 1163 4485 vetera
1178 4420 1213 4483 in
1229 4441 1328 4486 unum
