3246 5296
708 542 862 641 -2-1—

223 754 294 800 sum
315 730 535 817 perspicimus,
557 729 711 815 optima
733 726 1033 812 compositione
1054 722 1178 791 conditi
1195 724 1346 792 carminis

222 837 349 904 videtm
371 856 448 902 esse.

308 939 420 1026 Neque
440 961 516 1007 vero
539 959 578 1006 ea
600 939 714 1006 abessa
737 958 757 1004 a
779 935 1009 1022 compositione
1026 933 1178 1014 videmus,
1200 952 1286 1017 quaa
1303 933 1346 1001 ad

221 1043 386 1112 inferioris
409 1046 524 1111 aetatis
547 1041 807 1110 consuetudinem
835 1044 993 1127 spectant.
1042 1039 1203 1123 Imprimis
1225 1039 1347 1105 nostris

223 1150 354 1216 auribus
377 1169 480 1234 paene
501 1148 637 1215 ridicule
659 1152 777 1214 sonant
804 1145 917 1227 verba,
948 1144 1063 1228 quibus
1091 1148 1190 1228 poeta
1216 1142 1346 1210 laudem

223 1274 413 1337 sponsorum
434 1252 524 1320 nullo
546 1251 642 1318 modo
665 1249 876 1317 omittendam
894 1250 1029 1316 carmini
1044 1249 1169 1314 inserit.
1213 1246 1277 1314 Sed
1293 1246 1347 1314 hic

222 1357 293 1442 ipse
315 1362 388 1424 erat
408 1378 477 1424 mos
505 1356 594 1423 illins
621 1355 784 1422 inferioris
806 1354 941 1436 aetatis,
973 1360 1010 1420 ut
1039 1354 1216 1420 carminum
1248 1358 1345 1438 atque

222 1460 379 1544 imprimis
415 1460 695 1546 epithalamiorum
722 1464 839 1545 poetae
867 1459 901 1524 in
928 1457 1102 1525 laudandis
1131 1462 1230 1542 atque
1259 1457 1346 1524 omni

204 1566 318 1632 'modo
340 1566 565 1650 praedicandis
586 1585 797 1648 personarum
818 1562 995 1629 virtutibus
1019 1563 1102 1629 adeo
1129 1565 1345 1643 versarentur,

222 1675 260 1735 ut
281 1691 378 1755 saepe
398 1668 489 1735 nimii
510 1669 654 1750 essent1).
697 1665 733 1732 Si
754 1667 870 1750 placet,
892 1667 927 1733 in
948 1667 1088 1732 animum
1108 1685 1236 1733 revoces
1258 1667 1346 1735 illius

222 1773 422 1858 epithalamii
439 1773 605 1840 Laurentii
622 1772 738 1854 (Riese,
762 1771 882 1838 anthol.
902 1775 975 1851 742)
1001 1776 1233 1856 argumentum,
1258 1772 1346 1857 quod

222 1879 299 1945 huic
320 1879 367 1945 rei
388 1877 571 1944 testimonio
593 1877 644 1942 sit.
689 1874 743 1942 Sic
759 1879 869 1941 noster
888 1874 1015 1957 quidem
1033 1874 1194 1942 Patricius
1213 1876 1346 1944 tumidis

222 1982 328 2049 verbis
350 1980 519 2066 praedicat
540 1999 731 2064 sponsorum
751 1979 861 2044 nobile
887 1998 987 2063 genus
1008 1998 1196 2064 morumque
1218 1979 1345 2064 elegan-

223 2088 312 2168 tiam,
345 2108 411 2171 qua
440 2084 535 2151 simul
566 2082 698 2150 divitiae
729 2088 864 2149 ornatae
894 2082 1032 2148 fuissent
1062 2090 1100 2164 (ι.
1133 2085 1195 2164 63).
1239 2086 1346 2169 Atque

222 2191 394 2275 imprimis,
423 2190 509 2273 quod
537 2189 656 2256 iterum
683 2188 868 2254 inferiorem
889 2191 1019 2271 poetam
1042 2189 1174 2271 eiusque
1196 2194 1345 2274 tempora

224 2295 344 2379 optime
362 2294 483 2378 detegit
500 2298 534 2358 at
551 2293 645 2377 quasi
665 2291 806 2360 scholam
822 2292 916 2376 sapit,
939 2312 1074 2377 prorsus
1087 2292 1187 2360 nimia
1199 2296 1346 2362 oratione

222 2398 334 2465 laudat
364 2397 543 2478 Patricius,
584 2400 706 2480 quanto
743 2396 939 2463 bonarum
977 2396 1128 2462 artium
1158 2385 1346 2482 gloriaeque

223 2503 329 2570 studio
353 2500 476 2568 luerint
495 2501 637 2582 iuvenes,
668 2520 748 2585 quos
778 2521 902 2566 summa
932 2498 1120 2568 adulatione
1147 2522 1231 2585 paro
1261 2503 1346 2570 coelo

216 2612 384 2692 prosatum
405 2608 534 2690 stirpem
555 2609 651 2671 vocat
673 2611 711 2685 (v.
736 2610 798 2684 73.)

308 2710 416 2777 Unum
438 2709 554 2775 addam
576 2711 686 2774 nostro
717 2707 821 2774 simile
843 2707 1020 2791 exemplum
1047 2707 1216 2776 christiani
1239 2710 1345 2776 cuius·

223 2813 298 2880 dam
321 2815 482 2894 carminis,
505 2811 592 2898 quod
613 2813 646 2878 in
667 2811 728 2878 tali
749 2811 850 2878 nimia
870 2811 966 2878 laude
988 2818 1144 2880 versatur.
1183 2813 1345 2899 Scriptum

221 2916 365 2985 videmus
386 2917 475 2984 illius
498 2917 647 2985 carminis
668 2937 763 2982 versu
787 2920 805 2981 5
829 2917 946 3002 (Riese,
968 2916 1088 2984 anthol.
1113 2920 1204 3005 767);

555 3022 682 3107 generis
704 3021 887 3089 veneranda
908 3042 1052 3107 propago

350 3127 393 3193 Et
413 3128 538 3194 meritis
561 3127 642 3212 caeli
664 3126 805 3194 culmina
828 3125 915 3194 celsa
935 3132 1017 3211 pete,

223 3252 306 3317 quae
334 3231 434 3299 verba
460 3252 612 3315 magnam
640 3232 882 3298 similitudinem
915 3229 1074 3316 praebent
1101 3253 1174 3298 cum
1201 3231 1253 3300 bis
1283 3233 1345 3299 Pa·

222 3337 308 3404 trioii
328 3359 356 3404 v.
381 3337 435 3401 72:

490 3460 553 3524 quo
576 3440 662 3506 celsa
684 3444 798 3525 petant
818 3440 949 3526 lastigIa
969 3460 1077 3506 rerum

351 3544 515 3611 Semideae
536 3547 670 3610 mentes.

308 3648 426 3716 Verum
456 3651 554 3716 etiam
585 3649 625 3715 de
660 3653 768 3715 cetera
805 3647 957 3715 carminis
994 3647 1204 3731 dispositione
1241 3649 1346 3735 deque

222 3755 377 3822 materiae
400 3754 541 3835 delectu,
570 3752 726 3836 imprimis
757 3774 840 3837 quae
868 3752 911 3819 ed
939 3751 1123 3820 fabularum
1151 3757 1345 3838 apparatum

223 3857 437 3925 adhibendum
458 3857 632 3942 pertinent,
662 3862 750 3925 certa
779 3858 937 3942 sequioris
959 3858 1078 3925 aetatis
1106 3857 1242 3941 vestigia
1269 3857 1347 3924 licet

222 3963 382 4047 persequi.
427 3962 516 4041 Quae
533 3966 642 4027 tamen
664 3961 818 4028 eiusmodi
841 3982 880 4028 ac
901 3965 994 4029 tanta
1017 3965 1101 4043 sunt,
1124 3966 1161 4027 ut
1182 3961 1259 4026 hinc
1279 3961 1346 4028 iam

223 4087 370 4133 vocemur
398 4066 575 4150 adipeam
604 4066 780 4132 aliorum
810 4070 1026 4149 poetarum
1053 4065 1344 4149 imitationem,

224 4173 363 4257 quaein
385 4169 526 4238 carmine
547 4170 717 4237 manifesto
739 4171 833 4236 inest.

311 4414 328 4483 ¹)
347 4412 380 4466 ol
399 4412 504 4467 Sidonii
526 4428 608 4466 carm.
627 4412 644 4465 9
661 4429 686 4465 v.
711 4413 854 4466 aaa-314.
891 4410 1004 4480 Teuffel,
1030 4413 1099 4467 rdm.
1123 4411 1191 4466 Litt.
1210 4412 1226 4483 ξ
1243 4413 1344 4482 466,4,

222 4501 248 4556 3.
266 4499 308 4555 od.
326 4516 354 4569 p.
374 4499 447 4555 1098.
736 4527 738 4534 ι
