3246 5296
647 556 801 652 *27—

162 738 257 806 minis
275 738 450 808 virtutibus
473 741 604 824 sumpsi,
626 747 814 822 commotus,
837 747 906 809 tum
925 747 1059 829 propter
1076 743 1290 810 imitationem

165 843 405 926 Claudianeam,
429 865 512 928 quae
531 844 700 912 Claudiani
723 845 893 929 aequalem
914 847 963 913 vel
980 846 1082 912 virum
1104 849 1161 913 illa
1183 852 1289 913 aetate

163 968 228 1014 non
249 948 351 1014 multo
372 947 527 1013 minorem
544 949 710 1032 postulare
728 948 807 1014 mihi
823 949 951 1015 videtur
974 949 1028 1035 (cf.
1047 949 1289 1034 epithalamium

163 1049 332 1117 Laurentii
346 1055 379 1118 et
390 1050 505 1117 laudes
519 1051 686 1135 Herculis),
703 1071 806 1135 paene
824 1052 1002 1118 existimem
1015 1053 1150 1118 Patricii
1164 1051 1290 1136 epitha-

163 1153 295 1220 lamium
322 1154 389 1220 iam
416 1159 565 1238 tempora
593 1154 713 1220 vidisse
741 1159 816 1220 ante
846 1156 1057 1222 Dracontium
1089 1160 1188 1241 atque
1215 1155 1290 1220 huie

162 1259 280 1339 poetae
302 1261 378 1323 ante
400 1257 510 1323 oculos
532 1255 643 1338 fuisse,
666 1258 714 1323 ita
736 1262 773 1323 ut
794 1277 834 1323 ex
855 1277 894 1323 eo
915 1257 1011 1325 flores
1034 1261 1192 1342 carperet.
1231 1259 1289 1324 At-

163 1382 226 1445 que
252 1359 328 1427 huic
356 1360 534 1427 sententiae
563 1359 756 1428 confirmans
785 1361 911 1428 accedit
936 1367 1173 1447 argumentum,
1203 1362 1290 1448 quod

162 1484 203 1529 ex
236 1465 308 1548 ipsa
342 1463 512 1546 utriusque
542 1469 658 1549 poetae
689 1463 869 1530 elocutione
899 1464 1030 1532 haurire
1060 1465 1180 1550 legenti
1211 1465 1290 1531 mihi

161 1568 304 1635 videbar.
347 1568 429 1634 Nam
453 1567 585 1648 similia,
616 1588 700 1653 quae
722 1569 809 1652 apud
830 1574 1002 1653 utrumque
1024 1573 1155 1657 poetam
1179 1572 1290 1633 extant

161 1672 270 1754 verba,
294 1673 321 1738 si
342 1671 427 1736 inter
450 1691 484 1737 se
506 1678 746 1758 comparantur,
768 1673 915 1759 profecto
933 1673 1082 1757 equidem
1100 1671 1208 1738 facere
1225 1691 1290 1736 non

160 1797 303 1862 possum,
321 1775 398 1860 quin
412 1774 545 1841 Patricii
561 1775 660 1841 verba
677 1777 818 1862 speciem
835 1774 920 1842 ferre
934 1780 1159 1862 πρεσβυγενειάς
1172 1772 1288 1840 fatear.

160 1879 303 1946 Facilius
326 1878 410 1944 enim
432 1882 530 1961 atque
551 1879 654 1962 magis
672 1879 714 1944 ad
731 1886 883 1946 naturam
902 1901 994 1946 suam
1010 1879 1111 1945 fluere
1128 1878 1288 1944 videntur.

160 1982 293 2049 Habent
314 1982 442 2067 quidem
463 1981 547 2048 tales
567 1981 805 2049 observationes
824 2003 950 2070 semper
968 1982 1091 2067 aliquid
1108 1983 1143 2047 in
1161 1985 1289 2046 contro·

160 2089 299 2154 versiam
328 2087 503 2163 deductum
538 2107 643 2172 neque
677 2092 827 2153 constant
858 2088 924 2153 nisi
951 2086 1203 2171 uniuscuiusque
1231 2105 1289 2171 per

160 2210 299 2256 sensum.
350 2189 414 2256 Sed
444 2210 676 2274 quemeumque
703 2190 738 2255 in
766 2191 896 2257 modum
924 2191 1006 2256 haec
1034 2210 1069 2256 se
1097 2190 1219 2256 habent
1246 2225 1290 2236 -

159 2313 330 2360 caveamus
344 2292 428 2358 enirn
446 2315 486 2360 ne
499 2293 627 2376 longius
640 2294 674 2358 in
687 2293 874 2360 conicienda
892 2294 1104 2381 procedamus
1121 2331 1173 2373 -,
1190 2311 1289 2355 unum

157 2397 223 2462 hoc
251 2400 393 2476 constat,
424 2396 511 2481 quod
541 2397 778 2480 gravissimum:
814 2402 969 2462 certum
997 2398 1083 2462 inter
1111 2393 1288 2460 Patricium

159 2505 195 2566 et
225 2500 436 2566 Dracontium
471 2520 626 2566 conexum
661 2520 734 2566 esse
768 2501 1013 2586 agnoscendum.
1067 2499 1185 2565 Verum
1214 2497 1289 2562 hine

158 2605 224 2670 iam
247 2603 384 2669 sumitur
406 2608 561 2669 certum
582 2603 624 2669 ad
646 2603 780 2669 Patricii
802 2603 955 2670 carminis
976 2603 1073 2670 fidem
1095 2601 1290 2668 firmandam

158 2710 393 2792 argumentum.

246 2808 384 2876 Prorsus
407 2809 553 2894 sequitur
575 2809 666 2890 hinc,
694 2808 729 2874 id
756 2809 930 2895 quodiam
951 2829 1052 2894 supra
1073 2807 1214 2894 probare
1236 2825 1289 2872 cc·

157 2913 232 2981 nati
260 2935 386 2995 sumus,
427 2917 574 2980 nostrum
612 2933 740 2980 carmen
768 2915 899 2979 minime
927 2911 1028 2980 fetum
1056 2932 1125 2979 esse
1155 2910 1292 2992 Oaspari

160 3017 304 3096 Barthii,
336 3017 454 3102 quippe
476 3017 533 3102 qui
560 3017 639 3084 illud
660 3017 828 3084 Dracontii
850 3017 1093 3102 epithalamium
1116 3034 1291 3100 numquam

159 3120 339 3205 aspexerit,
377 3120 495 3204 quippe
532 3121 621 3186 cuius
649 3121 851 3204 temporibus
885 3125 1013 3188 omnino
1042 3117 1181 3204 profana
1208 3117 1290 3182 Dra·

160 3224 265 3292 contii
286 3224 431 3290 carmina
452 3227 565 3309 ignota
592 3225 759 3293 iacuerint.
810 3226 892 3291 Nam
922 3230 1034 3292 nostro
1065 3223 1193 3289 demum
1222 3241 1290 3286 sae·

159 3329 233 3396 culo
269 3330 408 3414 primum
445 3349 484 3394 ea
520 3349 559 3392 ex
594 3326 810 3394 bibliothecae
837 3330 913 3415 Reg.
943 3326 1179 3415 Neapolitanae
1209 3323 1289 3390 obli·

159 3434 254 3498 vione
275 3435 309 3497 in
330 3433 435 3498 lucem
457 3435 626 3518 protracta
648 3451 717 3498 esse
740 3434 910 3512 constat.¹)

250 3641 268 3710 ¹)
291 3639 449 3694 Postremus
467 3641 548 3693 Ianus
566 3639 726 3693 Parrhasius
751 3639 944 3710 [1470-1533]
972 3639 1076 3694 vetusti
1101 3639 1204 3693 codicis
1222 3639 1290 3692 Dra·

160 3726 291 3780 contiana
308 3727 429 3780 carmina
446 3727 554 3780 minora
572 3725 741 3780 continentis
759 3726 940 3795 apographon
953 3724 1156 3780 conficiendum
1169 3725 1290 3793 curavit,

158 3812 236 3880 quod
253 3812 432 3880 apographon
457 3829 531 3866 nunc
555 3812 584 3864 in
607 3829 702 3866 museo
721 3811 877 3865 Borbonico
902 3812 1079 3865 adservatum
1102 3811 1182 3865 initio
1208 3811 1290 3864 huius

159 3897 264 3952 saeculi
288 3896 417 3951 Cataldus
441 3898 575 3952 Janellius
597 3898 741 3968 indagavit
766 3898 928 3968 (Baehrens,
957 3897 987 3950 P.
1005 3899 1037 3951 L.
1055 3897 1093 3951 M.
1118 3897 1143 3951 V
1166 3915 1193 3966 p.
1220 3897 1288 3966 126).

159 3983 291 4039 Ceterum
315 3985 351 4037 ad
373 4001 433 4037 rem
458 3985 527 4038 nihil
551 3983 651 4053 refert,
676 3984 750 4052 quod
773 4001 863 4053 nuper
884 3984 1015 4038 Manitius
1048 3983 1080 4054 (c.
1104 3984 1174 4038 Mus.
1198 3983 1287 4038 Rhen.

158 4071 305 4126 XXXXVI
327 4090 354 4141 p.
373 4072 435 4136 493)
454 4071 641 4124 Dracontiana
664 4072 786 4125 carmina
810 4071 918 4124 minora
936 4071 1028 4124 medio
1046 4087 1114 4124 aevo
1132 4087 1189 4124 non
1206 4070 1289 4140 plane

156 4159 257 4227 ignota
273 4158 390 4211 iacuisse
408 4156 520 4224 statuit3
545 4173 610 4209 narn
633 4155 662 4210 id
676 4157 751 4224 quod
768 4156 849 4210 nobis
867 4155 1073 4226 gravissimum,
1090 4156 1237 4210 Barthium
1255 4173 1289 4209 ea

156 4243 311 4312 ignorasse,
325 4247 399 4297 certe
412 4244 464 4296 hac
477 4242 637 4311 opinatione
650 4260 706 4297 non
719 4243 856 4312 tangitur3
870 4246 1014 4312 praeterea
1026 4243 1095 4297 haec
1103 4243 1289 4297 Dracontiana

157 4328 206 4383 vel
223 4328 284 4398 ipso
300 4329 393 4382 modio
412 4345 479 4383 aevo
496 4328 563 4382 inde
576 4345 593 4380 a
607 4328 734 4383 carolina
747 4332 839 4383 aetate
857 4345 920 4383 oum
937 4329 1028 4383 studio
1047 4328 1120 4383 lacta
1138 4345 1198 4383 esse
1216 4327 1289 4384 effici

157 4431 218 4468 non
235 4418 329 4484 potest
346 4414 453 4468 idoneis
471 4414 649 4483 argumentis.
