<?xml version="1.0" encoding="UTF-8"?>
<!DOCTYPE html PUBLIC "-//W3C//DTD XHTML 1.0 Transitional//EN"
    "http://www.w3.org/TR/xhtml1/DTD/xhtml1-transitional.dtd">
<html xmlns="http://www.w3.org/1999/xhtml" xml:lang="en" lang="en">
 <head>
  <title>
</title>
<meta http-equiv="Content-Type" content="text/html;charset=utf-8" />
  <meta name='ocr-system' content='tesseract 3.04.00' />
  <meta name='ocr-capabilities' content='ocr_page ocr_carea ocr_par ocr_line ocrx_word'/>
</head>
<body>
  <div class='ocr_page' id='page_1' title='image "./patriciepithala00buengoog_0063.png"; bbox 0 0 3250 5290; ppageno 0'>
   <div class='ocr_carea' id='block_1_1' title="bbox 791 525 944 620">
    <p class='ocr_par' dir='ltr' id='par_1_1' title="bbox 791 525 944 620">
     <span class='ocr_line' id='line_1_1' title="bbox 791 525 944 620; baseline 0 -35"><span class='ocrx_word' id='word_1_1' title='bbox 791 525 944 620; x_wconf 49' lang='lat' dir='ltr'><strong>-sc-</strong></span> 
     </span>
    </p>
   </div>
   <div class='ocr_carea' id='block_1_2' title="bbox 214 708 1436 4327">
    <p class='ocr_par' dir='ltr' id='par_1_2' title="bbox 214 708 1430 1922">
     <span class='ocr_line' id='line_1_2' title="bbox 392 708 1428 797; baseline -0.002 -20"><span class='ocrx_word' id='word_1_2' title='bbox 392 713 500 797; x_wconf 82' lang='lat' dir='ltr'><strong>Atque</strong></span> <span class='ocrx_word' id='word_1_3' title='bbox 522 709 685 796; x_wconf 80' lang='lat' dir='ltr'><strong>cogitandi</strong></span> <span class='ocrx_word' id='word_1_4' title='bbox 705 710 842 777; x_wconf 86' lang='lat' dir='ltr'><strong>rationis</strong></span> <span class='ocrx_word' id='word_1_5' title='bbox 863 709 943 777; x_wconf 83' lang='lat' dir='ltr'><strong>talia</strong></span> <span class='ocrx_word' id='word_1_6' title='bbox 964 710 1108 795; x_wconf 82' lang='lat' dir='ltr'><strong>vestigia,</strong></span> <span class='ocrx_word' id='word_1_7' title='bbox 1132 729 1214 794; x_wconf 89' lang='lat' dir='ltr'><strong>quae</strong></span> <span class='ocrx_word' id='word_1_8' title='bbox 1231 710 1368 776; x_wconf 81' lang='lat' dir='ltr'><strong>maxime</strong></span> <span class='ocrx_word' id='word_1_9' title='bbox 1387 708 1428 775; x_wconf 91' lang='lat' dir='ltr'><strong>ad</strong></span> 
     </span>
     <span class='ocr_line' id='line_1_3' title="bbox 214 813 1430 912; baseline -0.002 -30"><span class='ocrx_word' id='word_1_10' title='bbox 214 825 218 834; x_wconf 92' lang='lat'>&#39;</span> <span class='ocrx_word' id='word_1_11' title='bbox 306 815 396 882; x_wconf 89' lang='lat' dir='ltr'><strong>illam</strong></span> <span class='ocrx_word' id='word_1_12' title='bbox 416 818 559 912; x_wconf 73' lang='lat' dir='ltr'><strong>aetatem</strong></span> <span class='ocrx_word' id='word_1_13' title='bbox 579 813 760 884; x_wconf 89' lang='lat' dir='ltr'><strong>referamus</strong></span> <span class='ocrx_word' id='word_1_14' title='bbox 780 837 913 884; x_wconf 89' lang='lat' dir='ltr'><strong>necesse</strong></span> <span class='ocrx_word' id='word_1_15' title='bbox 935 820 994 897; x_wconf 87' lang='lat' dir='ltr'><strong>est,</strong></span> <span class='ocrx_word' id='word_1_16' title='bbox 1018 815 1100 883; x_wconf 84' lang='lat' dir='ltr'><strong>satis</strong></span> <span class='ocrx_word' id='word_1_17' title='bbox 1117 816 1322 902; x_wconf 89' lang='lat' dir='ltr'><strong>reperiuntur</strong></span> <span class='ocrx_word' id='word_1_18' title='bbox 1345 818 1379 880; x_wconf 92' lang='lat' dir='ltr'><strong>et</strong></span> <span class='ocrx_word' id='word_1_19' title='bbox 1394 815 1430 880; x_wconf 92' lang='lat' dir='ltr'><strong>in</strong></span> 
     </span>
     <span class='ocr_line' id='line_1_4' title="bbox 306 919 1428 1006; baseline -0.003 -21"><span class='ocrx_word' id='word_1_20' title='bbox 306 919 363 986; x_wconf 88' lang='lat' dir='ltr'><strong>illa</strong></span> <span class='ocrx_word' id='word_1_21' title='bbox 390 919 489 986; x_wconf 91' lang='lat' dir='ltr'><strong>nimia</strong></span> <span class='ocrx_word' id='word_1_22' title='bbox 517 940 706 1006; x_wconf 89' lang='lat' dir='ltr'><strong>sponsorum</strong></span> <span class='ocrx_word' id='word_1_23' title='bbox 734 921 831 988; x_wconf 91' lang='lat' dir='ltr'><strong>laude</strong></span> <span class='ocrx_word' id='word_1_24' title='bbox 860 925 893 986; x_wconf 92' lang='lat' dir='ltr'><strong>et</strong></span> <span class='ocrx_word' id='word_1_25' title='bbox 920 922 953 987; x_wconf 93' lang='lat' dir='ltr'><strong>in</strong></span> <span class='ocrx_word' id='word_1_26' title='bbox 982 921 1088 1006; x_wconf 91' lang='lat' dir='ltr'><strong>specie</strong></span> <span class='ocrx_word' id='word_1_27' title='bbox 1116 919 1302 1006; x_wconf 83' lang='lat' dir='ltr'><strong>allegorica,</strong></span> <span class='ocrx_word' id='word_1_28' title='bbox 1333 937 1428 1002; x_wconf 89' lang='lat' dir='ltr'><strong>quam</strong></span> 
     </span>
     <span class='ocr_line' id='line_1_5' title="bbox 308 1018 1428 1110; baseline -0.002 -22"><span class='ocrx_word' id='word_1_29' title='bbox 308 1019 492 1089; x_wconf 81' lang='lat' dir='ltr'><strong>fabularum</strong></span> <span class='ocrx_word' id='word_1_30' title='bbox 513 1024 687 1109; x_wconf 90' lang='lat' dir='ltr'><strong>apparatui</strong></span> <span class='ocrx_word' id='word_1_31' title='bbox 708 1025 868 1092; x_wconf 80' lang='lat' dir='ltr'><strong>Patricius</strong></span> <span class='ocrx_word' id='word_1_32' title='bbox 890 1025 1062 1110; x_wconf 79' lang='lat' dir='ltr'>adspersit,</span> <span class='ocrx_word' id='word_1_33' title='bbox 1091 1029 1124 1090; x_wconf 91' lang='lat' dir='ltr'><strong>et</strong></span> <span class='ocrx_word' id='word_1_34' title='bbox 1144 1025 1177 1089; x_wconf 93' lang='lat' dir='ltr'><strong>in</strong></span> <span class='ocrx_word' id='word_1_35' title='bbox 1199 1025 1337 1090; x_wconf 89' lang='lat' dir='ltr'><strong>aliorum</strong></span> <span class='ocrx_word' id='word_1_36' title='bbox 1357 1018 1428 1086; x_wconf 91' lang='lat' dir='ltr'><strong>imi-</strong></span> 
     </span>
     <span class='ocr_line' id='line_1_6' title="bbox 307 1124 1428 1214; baseline -0.003 -22"><span class='ocrx_word' id='word_1_37' title='bbox 307 1125 440 1192; x_wconf 77' lang='lat' dir='ltr'><strong>tatione.</strong></span> <span class='ocrx_word' id='word_1_38' title='bbox 484 1127 617 1200; x_wconf 79' lang='lat' dir='ltr'><strong>Praeter</strong></span> <span class='ocrx_word' id='word_1_39' title='bbox 630 1127 899 1196; x_wconf 82' lang='lat' dir='ltr'><strong>Claudianum</strong></span> <span class='ocrx_word' id='word_1_40' title='bbox 915 1128 1068 1194; x_wconf 89' lang='lat' dir='ltr'><strong>nimirum</strong></span> <span class='ocrx_word' id='word_1_41' title='bbox 1085 1130 1179 1214; x_wconf 81' lang='lat' dir='ltr'>quasi</span> <span class='ocrx_word' id='word_1_42' title='bbox 1195 1125 1327 1207; x_wconf 90' lang='lat' dir='ltr'><strong>fontem,</strong></span> <span class='ocrx_word' id='word_1_43' title='bbox 1343 1124 1428 1191; x_wconf 92' lang='lat' dir='ltr'><strong>unde</strong></span> 
     </span>
     <span class='ocr_line' id='line_1_7' title="bbox 307 1229 1428 1320; baseline -0.001 -26"><span class='ocrx_word' id='word_1_44' title='bbox 307 1229 443 1296; x_wconf 90' lang='lat' dir='ltr'><strong>Patricii</strong></span> <span class='ocrx_word' id='word_1_45' title='bbox 463 1250 556 1297; x_wconf 90' lang='lat' dir='ltr'><strong>musa</strong></span> <span class='ocrx_word' id='word_1_46' title='bbox 578 1252 669 1298; x_wconf 88' lang='lat' dir='ltr'><strong>suam</strong></span> <span class='ocrx_word' id='word_1_47' title='bbox 690 1233 791 1299; x_wconf 82' lang='lat' dir='ltr'><strong>vitam</strong></span> <span class='ocrx_word' id='word_1_48' title='bbox 811 1254 946 1320; x_wconf 87' lang='lat' dir='ltr'><strong>parvam</strong></span> <span class='ocrx_word' id='word_1_49' title='bbox 966 1231 1084 1313; x_wconf 79' lang='lat' dir='ltr'><strong>hausit,</strong></span> <span class='ocrx_word' id='word_1_50' title='bbox 1106 1233 1263 1316; x_wconf 79' lang='lat' dir='ltr'><strong>imprimis</strong></span> <span class='ocrx_word' id='word_1_51' title='bbox 1283 1229 1428 1296; x_wconf 89' lang='lat' dir='ltr'><strong>imitatus</strong></span> 
     </span>
     <span class='ocr_line' id='line_1_8' title="bbox 309 1334 1427 1420; baseline 0 -22"><span class='ocrx_word' id='word_1_52' title='bbox 309 1338 359 1400; x_wconf 89' lang='lat' dir='ltr'><strong>est</strong></span> <span class='ocrx_word' id='word_1_53' title='bbox 393 1334 639 1420; x_wconf 83' lang='lat' dir='ltr'><strong>Vergilium,</strong></span> <span class='ocrx_word' id='word_1_54' title='bbox 683 1335 884 1418; x_wconf 87' lang='lat' dir='ltr'><strong>Ovidium,</strong></span> <span class='ocrx_word' id='word_1_55' title='bbox 926 1335 1119 1417; x_wconf 80' lang='lat' dir='ltr'><strong>Statium,</strong></span> <span class='ocrx_word' id='word_1_56' title='bbox 1161 1335 1323 1416; x_wconf 84' lang='lat' dir='ltr'><strong>Silium,</strong></span> <span class='ocrx_word' id='word_1_57' title='bbox 1360 1339 1427 1399; x_wconf 91' lang='lat' dir='ltr'><strong>tum</strong></span> 
     </span>
     <span class='ocr_line' id='line_1_9' title="bbox 308 1437 1428 1524; baseline -0.002 -19"><span class='ocrx_word' id='word_1_58' title='bbox 308 1437 407 1505; x_wconf 89' lang='lat' dir='ltr'><strong>etiam</strong></span> <span class='ocrx_word' id='word_1_59' title='bbox 427 1438 622 1521; x_wconf 88' lang='lat' dir='ltr'><strong>Lucretium,</strong></span> <span class='ocrx_word' id='word_1_60' title='bbox 648 1439 819 1522; x_wconf 89' lang='lat' dir='ltr'><strong>Tibullum,</strong></span> <span class='ocrx_word' id='word_1_61' title='bbox 847 1440 1060 1524; x_wconf 83' lang='lat' dir='ltr'><strong>Propertium,</strong></span> <span class='ocrx_word' id='word_1_62' title='bbox 1088 1439 1260 1519; x_wconf 84' lang='lat' dir='ltr'><strong>Catullum,</strong></span> <span class='ocrx_word' id='word_1_63' title='bbox 1289 1437 1428 1504; x_wconf 89' lang='lat' dir='ltr'><strong>Nemesi-</strong></span> 
     </span>
     <span class='ocr_line' id='line_1_10' title="bbox 308 1540 1428 1630; baseline -0.001 -23"><span class='ocrx_word' id='word_1_64' title='bbox 308 1562 415 1623; x_wconf 91' lang='lat' dir='ltr'><strong>anum,</strong></span> <span class='ocrx_word' id='word_1_65' title='bbox 444 1540 663 1630; x_wconf 78' lang='lat' dir='ltr'><strong>Calpurnium.</strong></span> <span class='ocrx_word' id='word_1_66' title='bbox 713 1543 825 1630; x_wconf 88' lang='lat' dir='ltr'><strong>Neque</strong></span> <span class='ocrx_word' id='word_1_67' title='bbox 850 1543 912 1611; x_wconf 89' lang='lat' dir='ltr'><strong>hac</strong></span> <span class='ocrx_word' id='word_1_68' title='bbox 942 1544 978 1609; x_wconf 94' lang='lat' dir='ltr'><strong>in</strong></span> <span class='ocrx_word' id='word_1_69' title='bbox 1005 1565 1039 1610; x_wconf 86' lang='lat' dir='ltr'><strong>re</strong></span> <span class='ocrx_word' id='word_1_70' title='bbox 1067 1544 1161 1628; x_wconf 84' lang='lat' dir='ltr'><strong>parvi</strong></span> <span class='ocrx_word' id='word_1_71' title='bbox 1187 1542 1342 1609; x_wconf 89' lang='lat' dir='ltr'><strong>momenti</strong></span> <span class='ocrx_word' id='word_1_72' title='bbox 1369 1546 1428 1620; x_wconf 91' lang='lat' dir='ltr'><strong>est,</strong></span> 
     </span>
     <span class='ocr_line' id='line_1_11' title="bbox 309 1645 1428 1733; baseline 0 -23"><span class='ocrx_word' id='word_1_73' title='bbox 309 1645 397 1730; x_wconf 89' lang='lat' dir='ltr'><strong>quod</strong></span> <span class='ocrx_word' id='word_1_74' title='bbox 424 1667 464 1712; x_wconf 88' lang='lat' dir='ltr'><strong>ex</strong></span> <span class='ocrx_word' id='word_1_75' title='bbox 487 1646 576 1712; x_wconf 92' lang='lat' dir='ltr'><strong>Vibii</strong></span> <span class='ocrx_word' id='word_1_76' title='bbox 600 1646 780 1733; x_wconf 86' lang='lat' dir='ltr'><strong>Sequestris</strong></span> <span class='ocrx_word' id='word_1_77' title='bbox 809 1647 894 1715; x_wconf 88' lang='lat' dir='ltr'><strong>libro</strong></span> <span class='ocrx_word' id='word_1_78' title='bbox 922 1647 1038 1714; x_wconf 88' lang='lat' dir='ltr'><strong>scimus</strong></span> <span class='ocrx_word' id='word_1_79' title='bbox 1065 1647 1153 1733; x_wconf 90' lang='lat' dir='ltr'><strong>ipsos</strong></span> <span class='ocrx_word' id='word_1_80' title='bbox 1181 1646 1256 1712; x_wconf 91' lang='lat' dir='ltr'><strong>illos</strong></span> <span class='ocrx_word' id='word_1_81' title='bbox 1287 1645 1428 1730; x_wconf 85' lang='lat' dir='ltr'><strong>Vergi-</strong></span> 
     </span>
     <span class='ocr_line' id='line_1_12' title="bbox 307 1748 1428 1833; baseline 0 -19"><span class='ocrx_word' id='word_1_82' title='bbox 307 1748 421 1830; x_wconf 93' lang='lat' dir='ltr'><strong>lium,</strong></span> <span class='ocrx_word' id='word_1_83' title='bbox 460 1748 660 1832; x_wconf 87' lang='lat' dir='ltr'><strong>0vidium‚</strong></span> <span class='ocrx_word' id='word_1_84' title='bbox 706 1750 901 1832; x_wconf 85' lang='lat' dir='ltr'><strong>Statium,</strong></span> <span class='ocrx_word' id='word_1_85' title='bbox 948 1749 1094 1817; x_wconf 87' lang='lat' dir='ltr'><strong>Silium</strong></span> <span class='ocrx_word' id='word_1_86' title='bbox 1139 1750 1276 1816; x_wconf 89' lang='lat' dir='ltr'><strong>maxime</strong></span> <span class='ocrx_word' id='word_1_87' title='bbox 1317 1749 1428 1833; x_wconf 90' lang='lat' dir='ltr'><strong>quinto</strong></span> 
     </span>
     <span class='ocr_line' id='line_1_13' title="bbox 310 1853 755 1922; baseline 0.002 -3"><span class='ocrx_word' id='word_1_88' title='bbox 310 1853 438 1922; x_wconf 86' lang='lat' dir='ltr'><strong>saeculo</strong></span> <span class='ocrx_word' id='word_1_89' title='bbox 460 1853 624 1921; x_wconf 91' lang='lat' dir='ltr'><strong>lectitatos</strong></span> <span class='ocrx_word' id='word_1_90' title='bbox 646 1854 755 1922; x_wconf 83' lang='lat' dir='ltr'><strong>fuisse.</strong></span> 
     </span>
    </p>

    <p class='ocr_par' dir='ltr' id='par_1_3' title="bbox 308 1957 1432 2973">
     <span class='ocr_line' id='line_1_14' title="bbox 394 1957 1428 2044; baseline 0 -22"><span class='ocrx_word' id='word_1_91' title='bbox 394 1957 540 2043; x_wconf 91' lang='lat' dir='ltr'><strong>Denique</strong></span> <span class='ocrx_word' id='word_1_92' title='bbox 571 1959 696 2025; x_wconf 90' lang='lat' dir='ltr'><strong>dicendi</strong></span> <span class='ocrx_word' id='word_1_93' title='bbox 732 1959 870 2026; x_wconf 88' lang='lat' dir='ltr'><strong>rationis</strong></span> <span class='ocrx_word' id='word_1_94' title='bbox 906 1964 1006 2044; x_wconf 91' lang='lat' dir='ltr'><strong>atque</strong></span> <span class='ocrx_word' id='word_1_95' title='bbox 1037 1959 1118 2025; x_wconf 86' lang='lat' dir='ltr'><strong>artis</strong></span> <span class='ocrx_word' id='word_1_96' title='bbox 1149 1959 1316 2038; x_wconf 88' lang='lat' dir='ltr'><strong>metricae,</strong></span> <span class='ocrx_word' id='word_1_97' title='bbox 1348 1975 1428 2042; x_wconf 91' lang='lat' dir='ltr'><strong>quae</strong></span> 
     </span>
     <span class='ocr_line' id='line_1_15' title="bbox 310 2059 1428 2149; baseline -0.002 -22"><span class='ocrx_word' id='word_1_98' title='bbox 310 2059 483 2142; x_wconf 89' lang='lat' dir='ltr'><strong>offendant,</strong></span> <span class='ocrx_word' id='word_1_99' title='bbox 504 2061 585 2127; x_wconf 92' lang='lat' dir='ltr'><strong>nihil</strong></span> <span class='ocrx_word' id='word_1_100' title='bbox 606 2063 790 2143; x_wconf 87' lang='lat' dir='ltr'><strong>invenimus,</strong></span> <span class='ocrx_word' id='word_1_101' title='bbox 816 2064 877 2129; x_wconf 90' lang='lat' dir='ltr'><strong>nisi</strong></span> <span class='ocrx_word' id='word_1_102' title='bbox 899 2062 986 2149; x_wconf 92' lang='lat' dir='ltr'><strong>quod</strong></span> <span class='ocrx_word' id='word_1_103' title='bbox 1013 2083 1121 2147; x_wconf 90' lang='lat' dir='ltr'><strong>pauca</strong></span> <span class='ocrx_word' id='word_1_104' title='bbox 1150 2061 1310 2146; x_wconf 86' lang='lat' dir='ltr'><strong>quaedam</strong></span> <span class='ocrx_word' id='word_1_105' title='bbox 1337 2081 1428 2126; x_wconf 87' lang='lat' dir='ltr'><strong>voca·</strong></span> 
     </span>
     <span class='ocr_line' id='line_1_16' title="bbox 308 2162 1430 2251; baseline -0.001 -23"><span class='ocrx_word' id='word_1_106' title='bbox 308 2162 386 2228; x_wconf 88' lang='lat' dir='ltr'><strong>bula</strong></span> <span class='ocrx_word' id='word_1_107' title='bbox 408 2171 589 2246; x_wconf 88' lang='lat' dir='ltr'><strong>occurrunt,</strong></span> <span class='ocrx_word' id='word_1_108' title='bbox 611 2187 693 2251; x_wconf 91' lang='lat' dir='ltr'><strong>quae</strong></span> <span class='ocrx_word' id='word_1_109' title='bbox 717 2166 800 2232; x_wconf 89' lang='lat' dir='ltr'><strong>mira</strong></span> <span class='ocrx_word' id='word_1_110' title='bbox 823 2171 898 2232; x_wconf 92' lang='lat' dir='ltr'><strong>sunt</strong></span> <span class='ocrx_word' id='word_1_111' title='bbox 926 2186 1125 2250; x_wconf 89' lang='lat' dir='ltr'><strong>quorumque</strong></span> <span class='ocrx_word' id='word_1_112' title='bbox 1147 2186 1234 2244; x_wconf 90' lang='lat' dir='ltr'><strong>usus,</strong></span> <span class='ocrx_word' id='word_1_113' title='bbox 1262 2164 1430 2249; x_wconf 81' lang='lat' dir='ltr'><strong>praecipue</strong></span> 
     </span>
     <span class='ocr_line' id='line_1_17' title="bbox 310 2266 1429 2353; baseline -0.002 -21"><span class='ocrx_word' id='word_1_114' title='bbox 310 2271 465 2350; x_wconf 89' lang='lat' dir='ltr'><strong>quantum</strong></span> <span class='ocrx_word' id='word_1_115' title='bbox 499 2266 541 2333; x_wconf 92' lang='lat' dir='ltr'><strong>ad</strong></span> <span class='ocrx_word' id='word_1_116' title='bbox 576 2270 688 2352; x_wconf 80' lang='lat' dir='ltr'><strong>poesin</strong></span> <span class='ocrx_word' id='word_1_117' title='bbox 722 2269 879 2353; x_wconf 87' lang='lat' dir='ltr'><strong>pertinet,</strong></span> <span class='ocrx_word' id='word_1_118' title='bbox 927 2290 1040 2352; x_wconf 88' lang='lat' dir='ltr'><strong>parum</strong></span> <span class='ocrx_word' id='word_1_119' title='bbox 1076 2267 1255 2353; x_wconf 89' lang='lat' dir='ltr'><strong>probabilis</strong></span> <span class='ocrx_word' id='word_1_120' title='bbox 1294 2267 1429 2333; x_wconf 84' lang='lat' dir='ltr'><strong>videtur.</strong></span> 
     </span>
     <span class='ocr_line' id='line_1_18' title="bbox 309 2369 1429 2458; baseline -0.001 -23"><span class='ocrx_word' id='word_1_121' title='bbox 309 2369 401 2437; x_wconf 89' lang='lat' dir='ltr'><strong>Talia</strong></span> <span class='ocrx_word' id='word_1_122' title='bbox 430 2370 591 2452; x_wconf 84' lang='lat' dir='ltr'><strong>videlicet,</strong></span> <span class='ocrx_word' id='word_1_123' title='bbox 622 2393 685 2456; x_wconf 88' lang='lat' dir='ltr'><strong>quo</strong></span> <span class='ocrx_word' id='word_1_124' title='bbox 718 2373 819 2458; x_wconf 86' lang='lat' dir='ltr'><strong>magis</strong></span> <span class='ocrx_word' id='word_1_125' title='bbox 852 2373 1023 2458; x_wconf 87' lang='lat' dir='ltr'><strong>displicent</strong></span> <span class='ocrx_word' id='word_1_126' title='bbox 1053 2371 1139 2456; x_wconf 92' lang='lat' dir='ltr'><strong>apud</strong></span> <span class='ocrx_word' id='word_1_127' title='bbox 1168 2378 1305 2456; x_wconf 75' lang='lat' dir='ltr'><strong>poetam</strong></span> <span class='ocrx_word' id='word_1_128' title='bbox 1336 2390 1429 2456; x_wconf 89' lang='lat' dir='ltr'><strong>quem</strong></span> 
     </span>
     <span class='ocr_line' id='line_1_19' title="bbox 309 2474 1431 2562; baseline -0.003 -23"><span class='ocrx_word' id='word_1_129' title='bbox 309 2477 451 2540; x_wconf 90' lang='lat' dir='ltr'><strong>ceterum</strong></span> <span class='ocrx_word' id='word_1_130' title='bbox 472 2495 537 2540; x_wconf 91' lang='lat' dir='ltr'><strong>non</strong></span> <span class='ocrx_word' id='word_1_131' title='bbox 558 2477 649 2561; x_wconf 84' lang='lat' dir='ltr'><strong>pravi</strong></span> <span class='ocrx_word' id='word_1_132' title='bbox 669 2477 788 2562; x_wconf 83' lang='lat' dir='ltr'><strong>ingenii</strong></span> <span class='ocrx_word' id='word_1_133' title='bbox 810 2483 907 2561; x_wconf 91' lang='lat' dir='ltr'><strong>atque</strong></span> <span class='ocrx_word' id='word_1_134' title='bbox 923 2476 1128 2542; x_wconf 83' lang='lat' dir='ltr'><strong>felicissimae</strong></span> <span class='ocrx_word' id='word_1_135' title='bbox 1149 2474 1345 2542; x_wconf 81' lang='lat' dir='ltr'><strong>inventionis</strong></span> <span class='ocrx_word' id='word_1_136' title='bbox 1360 2492 1431 2539; x_wconf 88' lang='lat' dir='ltr'><strong>esse</strong></span> 
     </span>
     <span class='ocr_line' id='line_1_20' title="bbox 309 2576 1430 2664; baseline 0 -23"><span class='ocrx_word' id='word_1_137' title='bbox 309 2597 403 2644; x_wconf 90' lang='lat' dir='ltr'><strong>nemo</strong></span> <span class='ocrx_word' id='word_1_138' title='bbox 436 2578 584 2663; x_wconf 85' lang='lat' dir='ltr'><strong>negabit,</strong></span> <span class='ocrx_word' id='word_1_139' title='bbox 626 2600 663 2646; x_wconf 92' lang='lat' dir='ltr'><strong>eo</strong></span> <span class='ocrx_word' id='word_1_140' title='bbox 696 2577 823 2646; x_wconf 89' lang='lat' dir='ltr'><strong>facilius</strong></span> <span class='ocrx_word' id='word_1_141' title='bbox 853 2579 935 2646; x_wconf 89' lang='lat' dir='ltr'><strong>haec</strong></span> <span class='ocrx_word' id='word_1_142' title='bbox 964 2585 1132 2664; x_wconf 89' lang='lat' dir='ltr'><strong>tamquam</strong></span> <span class='ocrx_word' id='word_1_143' title='bbox 1162 2578 1298 2662; x_wconf 87' lang='lat' dir='ltr'><strong>vestigia</strong></span> <span class='ocrx_word' id='word_1_144' title='bbox 1328 2576 1430 2642; x_wconf 88' lang='lat' dir='ltr'><strong>siccae</strong></span> 
     </span>
     <span class='ocr_line' id='line_1_21' title="bbox 308 2678 1431 2768; baseline -0.002 -22"><span class='ocrx_word' id='word_1_145' title='bbox 308 2679 397 2746; x_wconf 88' lang='lat' dir='ltr'><strong>illius</strong></span> <span class='ocrx_word' id='word_1_146' title='bbox 427 2680 617 2765; x_wconf 91' lang='lat' dir='ltr'><strong>ieiunaeque</strong></span> <span class='ocrx_word' id='word_1_147' title='bbox 648 2683 814 2749; x_wconf 88' lang='lat' dir='ltr'><strong>doctrinae</strong></span> <span class='ocrx_word' id='word_1_148' title='bbox 849 2683 1067 2768; x_wconf 81' lang='lat' dir='ltr'><strong>agnoscimus,</strong></span> <span class='ocrx_word' id='word_1_149' title='bbox 1102 2702 1185 2766; x_wconf 90' lang='lat' dir='ltr'><strong>quae</strong></span> <span class='ocrx_word' id='word_1_150' title='bbox 1224 2678 1431 2746; x_wconf 85' lang='lat' dir='ltr'><strong>inferioribus</strong></span> 
     </span>
     <span class='ocr_line' id='line_1_22' title="bbox 309 2781 1431 2873; baseline -0.002 -23"><span class='ocrx_word' id='word_1_151' title='bbox 309 2785 507 2870; x_wconf 85' lang='lat' dir='ltr'><strong>temporibus</strong></span> <span class='ocrx_word' id='word_1_152' title='bbox 537 2787 639 2869; x_wconf 85' lang='lat' dir='ltr'><strong>magis</strong></span> <span class='ocrx_word' id='word_1_153' title='bbox 668 2788 835 2873; x_wconf 84' lang='lat' dir='ltr'><strong>magisque</strong></span> <span class='ocrx_word' id='word_1_154' title='bbox 865 2785 1095 2853; x_wconf 87' lang='lat' dir='ltr'><strong>invalescebat.</strong></span> <span class='ocrx_word' id='word_1_155' title='bbox 1148 2783 1241 2850; x_wconf 85' lang='lat' dir='ltr'><strong>Sicut</strong></span> <span class='ocrx_word' id='word_1_156' title='bbox 1271 2781 1431 2849; x_wconf 84' lang='lat' dir='ltr'><strong>Patricius</strong></span> 
     </span>
     <span class='ocr_line' id='line_1_23' title="bbox 309 2887 1432 2973; baseline -0.002 -19"><span class='ocrx_word' id='word_1_157' title='bbox 309 2910 424 2972; x_wconf 88' lang='lat' dir='ltr'><strong>parum</strong></span> <span class='ocrx_word' id='word_1_158' title='bbox 445 2893 542 2973; x_wconf 88' lang='lat' dir='ltr'><strong>poete</strong></span> <span class='ocrx_word' id='word_1_159' title='bbox 564 2887 626 2956; x_wconf 89' lang='lat' dir='ltr'><strong>fuit</strong></span> <span class='ocrx_word' id='word_1_160' title='bbox 646 2911 705 2956; x_wconf 89' lang='lat' dir='ltr'><strong>nec</strong></span> <span class='ocrx_word' id='word_1_161' title='bbox 726 2890 803 2957; x_wconf 88' lang='lat' dir='ltr'><strong>talis</strong></span> <span class='ocrx_word' id='word_1_162' title='bbox 826 2892 911 2957; x_wconf 89' lang='lat' dir='ltr'><strong>vocis</strong></span> <span class='ocrx_word' id='word_1_163' title='bbox 932 2895 971 2956; x_wconf 92' lang='lat' dir='ltr'><strong>ut</strong></span> <span class='ocrx_word' id='word_1_164' title='bbox 991 2890 1108 2956; x_wconf 73' lang='lat' dir='ltr'><strong>deliria</strong></span> <span class='ocrx_word' id='word_1_165' title='bbox 1129 2887 1336 2955; x_wconf 84' lang='lat' dir='ltr'><strong>offensionem</strong></span> <span class='ocrx_word' id='word_1_166' title='bbox 1356 2906 1432 2970; x_wconf 89' lang='lat' dir='ltr'><strong>pra·</strong></span> 
     </span>
    </p>

    <p class='ocr_par' dir='ltr' id='par_1_4' title="bbox 234 2988 1432 3391">
     <span class='ocr_line' id='line_1_24' title="bbox 309 2988 1432 3078; baseline -0.004 -19"><span class='ocrx_word' id='word_1_167' title='bbox 309 2993 507 3078; x_wconf 81' lang='lat' dir='ltr'><strong>vitatemque</strong></span> <span class='ocrx_word' id='word_1_168' title='bbox 529 2993 699 3075; x_wconf 84' lang='lat' dir='ltr'><strong>sentiebat,</strong></span> <span class='ocrx_word' id='word_1_169' title='bbox 726 2996 775 3060; x_wconf 89' lang='lat' dir='ltr'><strong>ita</strong></span> <span class='ocrx_word' id='word_1_170' title='bbox 804 2993 887 3060; x_wconf 91' lang='lat' dir='ltr'><strong>adeo</strong></span> <span class='ocrx_word' id='word_1_171' title='bbox 911 2995 958 3059; x_wconf 87' lang='lat' dir='ltr'><strong>vir</strong></span> <span class='ocrx_word' id='word_1_172' title='bbox 988 2994 1134 3059; x_wconf 86' lang='lat' dir='ltr'><strong>eruditus</strong></span> <span class='ocrx_word' id='word_1_173' title='bbox 1162 2991 1341 3077; x_wconf 88' lang='lat' dir='ltr'><strong>doctusque</strong></span> <span class='ocrx_word' id='word_1_174' title='bbox 1362 2988 1432 3071; x_wconf 83' lang='lat' dir='ltr'><strong>luit,</strong></span> 
     </span>
     <span class='ocr_line' id='line_1_25' title="bbox 234 3081 1432 3182; baseline -0.001 -22"><span class='ocrx_word' id='word_1_175' title='bbox 234 3081 238 3091; x_wconf 79' lang='grc'>’</span> <span class='ocrx_word' id='word_1_176' title='bbox 310 3099 347 3161; x_wconf 90' lang='lat' dir='ltr'><strong>ut</strong></span> <span class='ocrx_word' id='word_1_177' title='bbox 367 3095 537 3181; x_wconf 87' lang='lat' dir='ltr'><strong>praeclara</strong></span> <span class='ocrx_word' id='word_1_178' title='bbox 559 3096 716 3163; x_wconf 89' lang='lat' dir='ltr'><strong>bonarum</strong></span> <span class='ocrx_word' id='word_1_179' title='bbox 745 3097 929 3163; x_wconf 89' lang='lat' dir='ltr'><strong>litterarum</strong></span> <span class='ocrx_word' id='word_1_180' title='bbox 958 3102 1055 3181; x_wconf 91' lang='lat' dir='ltr'><strong>atque</strong></span> <span class='ocrx_word' id='word_1_181' title='bbox 1081 3095 1288 3182; x_wconf 89' lang='lat' dir='ltr'><strong>potissimum</strong></span> <span class='ocrx_word' id='word_1_182' title='bbox 1315 3114 1432 3161; x_wconf 89' lang='lat' dir='ltr'><strong>aureae</strong></span> 
     </span>
     <span class='ocr_line' id='line_1_26' title="bbox 311 3199 1432 3286; baseline -0.002 -22"><span class='ocrx_word' id='word_1_183' title='bbox 311 3199 431 3266; x_wconf 90' lang='lat' dir='ltr'><strong>aetatis</strong></span> <span class='ocrx_word' id='word_1_184' title='bbox 452 3204 624 3286; x_wconf 87' lang='lat' dir='ltr'><strong>poetarum</strong></span> <span class='ocrx_word' id='word_1_185' title='bbox 647 3200 783 3267; x_wconf 91' lang='lat' dir='ltr'><strong>scientia</strong></span> <span class='ocrx_word' id='word_1_186' title='bbox 812 3220 893 3282; x_wconf 91' lang='lat' dir='ltr'><strong>eum,</strong></span> <span class='ocrx_word' id='word_1_187' title='bbox 923 3221 963 3267; x_wconf 93' lang='lat' dir='ltr'><strong>ne</strong></span> <span class='ocrx_word' id='word_1_188' title='bbox 991 3201 1087 3284; x_wconf 88' lang='lat' dir='ltr'><strong>plura</strong></span> <span class='ocrx_word' id='word_1_189' title='bbox 1115 3201 1337 3286; x_wconf 83' lang='lat' dir='ltr'><strong>amplioreque</strong></span> <span class='ocrx_word' id='word_1_190' title='bbox 1358 3217 1432 3284; x_wconf 90' lang='lat' dir='ltr'><strong>peo-</strong></span> 
     </span>
     <span class='ocr_line' id='line_1_27' title="bbox 311 3304 1168 3391; baseline 0.002 -21"><span class='ocrx_word' id='word_1_191' title='bbox 311 3309 411 3384; x_wconf 89' lang='lat' dir='ltr'><strong>caret,</strong></span> <span class='ocrx_word' id='word_1_192' title='bbox 434 3305 528 3389; x_wconf 91' lang='lat' dir='ltr'><strong>quasi</strong></span> <span class='ocrx_word' id='word_1_193' title='bbox 549 3304 685 3370; x_wconf 92' lang='lat' dir='ltr'><strong>inscium</strong></span> <span class='ocrx_word' id='word_1_194' title='bbox 707 3309 853 3371; x_wconf 86' lang='lat' dir='ltr'><strong>servaret</strong></span> <span class='ocrx_word' id='word_1_195' title='bbox 875 3311 974 3391; x_wconf 88' lang='lat' dir='ltr'><strong>atque</strong></span> <span class='ocrx_word' id='word_1_196' title='bbox 995 3308 1168 3372; x_wconf 87' lang='lat' dir='ltr'><strong>tutaretur.</strong></span> 
     </span>
    </p>

    <p class='ocr_par' dir='ltr' id='par_1_5' title="bbox 309 3403 1436 4327">
     <span class='ocr_line' id='line_1_28' title="bbox 395 3403 1431 3494; baseline -0.003 -21"><span class='ocrx_word' id='word_1_197' title='bbox 395 3409 523 3493; x_wconf 88' lang='lat' dir='ltr'><strong>ltaque,</strong></span> <span class='ocrx_word' id='word_1_198' title='bbox 553 3412 590 3474; x_wconf 90' lang='lat' dir='ltr'><strong>ut</strong></span> <span class='ocrx_word' id='word_1_199' title='bbox 617 3429 686 3475; x_wconf 88' lang='lat' dir='ltr'><strong>rem</strong></span> <span class='ocrx_word' id='word_1_200' title='bbox 717 3408 855 3475; x_wconf 87' lang='lat' dir='ltr'><strong>breviter</strong></span> <span class='ocrx_word' id='word_1_201' title='bbox 886 3409 1150 3494; x_wconf 85' lang='lat' dir='ltr'><strong>complectamur,</strong></span> <span class='ocrx_word' id='word_1_202' title='bbox 1179 3406 1243 3474; x_wconf 86' lang='lat' dir='ltr'><strong>luit</strong></span> <span class='ocrx_word' id='word_1_203' title='bbox 1271 3403 1431 3472; x_wconf 89' lang='lat' dir='ltr'><strong>Patricius</strong></span> 
     </span>
     <span class='ocr_line' id='line_1_29' title="bbox 309 3509 1432 3598; baseline -0.005 -19"><span class='ocrx_word' id='word_1_204' title='bbox 309 3516 408 3598; x_wconf 86' lang='lat' dir='ltr'><strong>poeta</strong></span> <span class='ocrx_word' id='word_1_205' title='bbox 430 3533 450 3578; x_wconf 92' lang='lat' dir='ltr'><strong>a</strong></span> <span class='ocrx_word' id='word_1_206' title='bbox 473 3512 523 3578; x_wconf 90' lang='lat' dir='ltr'><strong>sui</strong></span> <span class='ocrx_word' id='word_1_207' title='bbox 545 3512 615 3578; x_wconf 83' lang='lat' dir='ltr'><strong>aevi</strong></span> <span class='ocrx_word' id='word_1_208' title='bbox 636 3513 721 3579; x_wconf 85' lang='lat' dir='ltr'><strong>vitiis</strong></span> <span class='ocrx_word' id='word_1_209' title='bbox 743 3512 830 3579; x_wconf 92' lang='lat' dir='ltr'><strong>haud</strong></span> <span class='ocrx_word' id='word_1_210' title='bbox 858 3512 993 3593; x_wconf 90' lang='lat' dir='ltr'><strong>alienus,</strong></span> <span class='ocrx_word' id='word_1_211' title='bbox 1021 3513 1076 3596; x_wconf 89' lang='lat' dir='ltr'><strong>qui</strong></span> <span class='ocrx_word' id='word_1_212' title='bbox 1105 3512 1192 3596; x_wconf 92' lang='lat' dir='ltr'><strong>quod</strong></span> <span class='ocrx_word' id='word_1_213' title='bbox 1220 3531 1277 3576; x_wconf 88' lang='lat' dir='ltr'><strong>suo</strong></span> <span class='ocrx_word' id='word_1_214' title='bbox 1305 3509 1432 3592; x_wconf 85' lang='lat' dir='ltr'><strong>ingenio</strong></span> 
     </span>
     <span class='ocr_line' id='line_1_30' title="bbox 309 3612 1434 3702; baseline -0.004 -21"><span class='ocrx_word' id='word_1_215' title='bbox 309 3615 437 3702; x_wconf 91' lang='lat' dir='ltr'><strong>poetico</strong></span> <span class='ocrx_word' id='word_1_216' title='bbox 459 3613 572 3696; x_wconf 84' lang='lat' dir='ltr'><strong>defuit,</strong></span> <span class='ocrx_word' id='word_1_217' title='bbox 594 3635 632 3680; x_wconf 92' lang='lat' dir='ltr'><strong>ec</strong></span> <span class='ocrx_word' id='word_1_218' title='bbox 654 3615 893 3701; x_wconf 89' lang='lat' dir='ltr'><strong>compensabat,</strong></span> <span class='ocrx_word' id='word_1_219' title='bbox 922 3615 1009 3701; x_wconf 93' lang='lat' dir='ltr'><strong>quod</strong></span> <span class='ocrx_word' id='word_1_220' title='bbox 1030 3614 1064 3680; x_wconf 93' lang='lat' dir='ltr'><strong>in</strong></span> <span class='ocrx_word' id='word_1_221' title='bbox 1086 3613 1257 3681; x_wconf 87' lang='lat' dir='ltr'><strong>verborum</strong></span> <span class='ocrx_word' id='word_1_222' title='bbox 1279 3612 1434 3680; x_wconf 89' lang='lat' dir='ltr'><strong>electione</strong></span> 
     </span>
     <span class='ocr_line' id='line_1_31' title="bbox 312 3715 1434 3804; baseline -0.005 -17"><span class='ocrx_word' id='word_1_223' title='bbox 312 3720 396 3787; x_wconf 73' lang='lat' dir='ltr'><strong>deut</strong></span> <span class='ocrx_word' id='word_1_224' title='bbox 430 3739 670 3804; x_wconf 90' lang='lat' dir='ltr'><strong>nonnumquam</strong></span> <span class='ocrx_word' id='word_1_225' title='bbox 706 3722 810 3786; x_wconf 87' lang='lat' dir='ltr'><strong>mirus</strong></span> <span class='ocrx_word' id='word_1_226' title='bbox 841 3717 904 3784; x_wconf 84' lang='lat' dir='ltr'><strong>fuit</strong></span> <span class='ocrx_word' id='word_1_227' title='bbox 932 3724 1031 3804; x_wconf 92' lang='lat' dir='ltr'><strong>atque</strong></span> <span class='ocrx_word' id='word_1_228' title='bbox 1059 3717 1218 3804; x_wconf 88' lang='lat' dir='ltr'><strong>quasdam</strong></span> <span class='ocrx_word' id='word_1_229' title='bbox 1246 3715 1434 3782; x_wconf 89' lang='lat' dir='ltr'><strong>elocutionis</strong></span> 
     </span>
     <span class='ocr_line' id='line_1_32' title="bbox 310 3819 1434 3910; baseline -0.003 -23"><span class='ocrx_word' id='word_1_230' title='bbox 310 3822 527 3910; x_wconf 89' lang='lat' dir='ltr'><strong>proprietates</strong></span> <span class='ocrx_word' id='word_1_231' title='bbox 557 3822 692 3905; x_wconf 87' lang='lat' dir='ltr'><strong>obtulit,</strong></span> <span class='ocrx_word' id='word_1_232' title='bbox 721 3823 769 3889; x_wconf 91' lang='lat' dir='ltr'><strong>ita</strong></span> <span class='ocrx_word' id='word_1_233' title='bbox 797 3843 837 3889; x_wconf 92' lang='lat' dir='ltr'><strong>ne</strong></span> <span class='ocrx_word' id='word_1_234' title='bbox 866 3822 980 3889; x_wconf 88' lang='lat' dir='ltr'><strong>alienis</strong></span> <span class='ocrx_word' id='word_1_235' title='bbox 1011 3823 1141 3907; x_wconf 92' lang='lat' dir='ltr'><strong>quidem</strong></span> <span class='ocrx_word' id='word_1_236' title='bbox 1167 3820 1312 3887; x_wconf 85' lang='lat' dir='ltr'><strong>fontibus</strong></span> <span class='ocrx_word' id='word_1_237' title='bbox 1341 3819 1434 3903; x_wconf 91' lang='lat' dir='ltr'><strong>quasi</strong></span> 
     </span>
     <span class='ocr_line' id='line_1_33' title="bbox 312 3922 1434 4013; baseline -0.006 -20"><span class='ocrx_word' id='word_1_238' title='bbox 312 3946 389 3993; x_wconf 91' lang='lat' dir='ltr'><strong>suos</strong></span> <span class='ocrx_word' id='word_1_239' title='bbox 410 3925 558 3992; x_wconf 88' lang='lat' dir='ltr'><strong>hortulos</strong></span> <span class='ocrx_word' id='word_1_240' title='bbox 580 3926 716 4008; x_wconf 81' lang='lat' dir='ltr'><strong>irrigare</strong></span> <span class='ocrx_word' id='word_1_241' title='bbox 738 3927 920 4013; x_wconf 87' lang='lat' dir='ltr'><strong>spernebat.</strong></span> <span class='ocrx_word' id='word_1_242' title='bbox 964 3927 1118 3992; x_wconf 83' lang='lat' dir='ltr'><strong>Attamen</strong></span> <span class='ocrx_word' id='word_1_243' title='bbox 1141 3945 1266 4007; x_wconf 90' lang='lat' dir='ltr'><strong>semper</strong></span> <span class='ocrx_word' id='word_1_244' title='bbox 1293 3922 1434 3990; x_wconf 91' lang='lat' dir='ltr'><strong>retinen-</strong></span> 
     </span>
     <span class='ocr_line' id='line_1_34' title="bbox 312 4025 1434 4115; baseline -0.004 -19"><span class='ocrx_word' id='word_1_245' title='bbox 312 4030 389 4096; x_wconf 91' lang='lat' dir='ltr'><strong>dum</strong></span> <span class='ocrx_word' id='word_1_246' title='bbox 424 4033 557 4115; x_wconf 90' lang='lat' dir='ltr'><strong>propter</strong></span> <span class='ocrx_word' id='word_1_247' title='bbox 592 4030 711 4112; x_wconf 86' lang='lat' dir='ltr'><strong>multa,</strong></span> <span class='ocrx_word' id='word_1_248' title='bbox 753 4051 834 4115; x_wconf 90' lang='lat' dir='ltr'><strong>quae</strong></span> <span class='ocrx_word' id='word_1_249' title='bbox 876 4050 934 4096; x_wconf 88' lang='lat' dir='ltr'><strong>suo</strong></span> <span class='ocrx_word' id='word_1_250' title='bbox 969 4030 1040 4096; x_wconf 93' lang='lat' dir='ltr'><strong>loco</strong></span> <span class='ocrx_word' id='word_1_251' title='bbox 1076 4029 1155 4096; x_wconf 87' lang='lat' dir='ltr'><strong>satis</strong></span> <span class='ocrx_word' id='word_1_252' title='bbox 1189 4025 1434 4106; x_wconf 85' lang='lat' dir='ltr'><strong>enuntiavimus,</strong></span> 
     </span>
     <span class='ocr_line' id='line_1_35' title="bbox 312 4134 1436 4218; baseline -0.003 -17"><span class='ocrx_word' id='word_1_253' title='bbox 312 4135 489 4202; x_wconf 82' lang='lat' dir='ltr'><strong>Patricium</strong></span> <span class='ocrx_word' id='word_1_254' title='bbox 501 4134 700 4201; x_wconf 86' lang='lat' dir='ltr'><strong>laudandum</strong></span> <span class='ocrx_word' id='word_1_255' title='bbox 722 4156 793 4202; x_wconf 90' lang='lat' dir='ltr'><strong>esse</strong></span> <span class='ocrx_word' id='word_1_256' title='bbox 815 4140 915 4218; x_wconf 89' lang='lat' dir='ltr'><strong>atque</strong></span> <span class='ocrx_word' id='word_1_257' title='bbox 934 4134 1075 4218; x_wconf 85' lang='lat' dir='ltr'><strong>dignum,</strong></span> <span class='ocrx_word' id='word_1_258' title='bbox 1098 4154 1193 4218; x_wconf 90' lang='lat' dir='ltr'><strong>quem</strong></span> <span class='ocrx_word' id='word_1_259' title='bbox 1213 4135 1247 4198; x_wconf 95' lang='lat' dir='ltr'><strong>in</strong></span> <span class='ocrx_word' id='word_1_260' title='bbox 1266 4137 1436 4217; x_wconf 87' lang='lat' dir='ltr'><strong>poetarum</strong></span> 
     </span>
     <span class='ocr_line' id='line_1_36' title="bbox 312 4238 956 4327; baseline -0.012 -19"><span class='ocrx_word' id='word_1_261' title='bbox 312 4239 432 4327; x_wconf 85' lang='lat' dir='ltr'><strong>saeculi</strong></span> <span class='ocrx_word' id='word_1_262' title='bbox 454 4238 559 4324; x_wconf 89' lang='lat' dir='ltr'><strong>quinti</strong></span> <span class='ocrx_word' id='word_1_263' title='bbox 580 4258 746 4305; x_wconf 89' lang='lat' dir='ltr'><strong>numerum</strong></span> <span class='ocrx_word' id='word_1_264' title='bbox 767 4239 956 4305; x_wconf 88' lang='lat' dir='ltr'><strong>inseramus.</strong></span> 
     </span>
    </p>
   </div>
   <div class='ocr_carea' id='block_1_3' title="bbox 769 4450 973 4460">
    <p class='ocr_par' dir='ltr' id='par_1_6' title="bbox 769 4450 973 4460">
     <span class='ocr_line' id='line_1_37' title="bbox 769 4450 973 4460; baseline -0.01 0"><span class='ocrx_word' id='word_1_265' title='bbox 769 4450 973 4460; x_wconf 79' lang='lat'><strong>——-—</strong></span> 
     </span>
    </p>
   </div>
   <div class='ocr_carea' id='block_1_4' title="bbox 0 0 1639 5290">
    <p class='ocr_par' dir='ltr' id='par_1_7' title="bbox 0 0 1639 5290">
     <span class='ocr_line' id='line_1_38' title="bbox 0 0 1639 5290; baseline 0 0"><span class='ocrx_word' id='word_1_266' title='bbox 0 0 1639 5290; x_wconf 95' lang='lat' dir='ltr'><strong> </strong></span> 
     </span>
    </p>
   </div>
  </div>
 </body>
</html>
