3250 5290
819 474 972 570 —eo—

420 659 608 726 Oeterarum
638 657 775 744 deniqne
805 659 985 727 hexametri
1019 661 1113 728 latini
1147 658 1339 746 formarum,
1375 685 1456 750 quas

332 762 455 830 Bnuus
476 762 497 830 1.
515 763 536 830 l.
559 761 585 826 F
601 760 642 840 II,
664 761 690 826 F
708 760 762 843 IV,
786 762 810 826 F
827 763 872 829 VI
893 763 1018 844 statuit,
1042 763 1158 830 desunt
1177 765 1265 850 apud
1281 767 1457 836 Patricium

333 865 493 951 exempla,
532 864 596 931 nisi
631 863 719 948 quod
754 869 821 932 tres
851 871 964 934 extant
991 888 1103 935 versus
1135 871 1200 953 (30.
1226 872 1275 936 56.
1299 874 1367 954 69),
1399 872 1458 992 qui
1567 887 1571 900 ·

331 968 469 1038 formam
496 967 573 1035 FlI
601 968 650 1034 ita
679 968 853 1054 praebent,
883 976 920 1036 ut
950 971 1037 1038 adsit
1068 970 1194 1055 quidem
1226 974 1458 1060 semiquinaria

331 1078 440 1142 tamen
474 1093 533 1158 per
567 1072 734 1140 elisionem
768 1074 956 1157 obscurata,
998 1075 1038 1144 cf.
1069 1098 1097 1143 ι
1125 1081 1166 1142 30
1204 1078 1328 1146 11166666
1362 1101 1457 1166 apros

332 1162 477 1263 batque
471 1178 583 1258 miris,
612 1197 640 1242 v
665 1179 705 1240 66
731 1175 795 1244 Per
817 1178 957 1262 liquidas
979 1163 1226 1264 Hymenaeum
1218 1203 1334 1264 muas,
1363 1207 1390 1249 ι.
1414 1185 1454 1250 69

332 1285 464 1402 Iupcuio
482 1305 545 1368 par
567 1303 645 1349 cura
636 1261 776 1346 auimo.
813 1279 876 1347 Sed
894 1282 1017 1348 etiam
1007 1304 1041 1349 1n
1058 1283 1180 1350 talibus
1198 1285 1343 1352 versibus
1362 1287 1456 1354 semi·

331 1389 482 1475 quinaria
492 1388 695 1465 obscuratur,
707 1382 764 1450 ubi
777 1383 869 1450 deest
883 1387 1186 1472 semiseptenaria(e
1187 1390 1456 1474 66666666666666

329 1493 412 1560 tales
442 1497 565 1558 66666.
590 1495 630 1555 60
653 1490 884 1572 Auspiciumy'
883 1510 1011 1556 uueuem
1040 1497 1133 1575 elque
1153 1515 1341 1578 aequaevae,
1363 1516 1391 1560 ι
1414 1498 1455 1562 63

288 1657 290 1662 .
330 1597 503 1680 Etspeee'es
515 1615 697 1678 morumque
689 1573 887 1674 mulcatis,
904 1615 931 1655 ι
947 1595 986 1657 91
1010 1593 1098 1662 Uude
1111 1602 1184 1664 aute
1196 1618 1254 1664 ora
1271 1618 1401 1666 morum
1416 1603 1456 1666 66.

329 1700 449 1766 Laxior
469 1699 568 1783 igitur
588 1695 749 1763 Patricius
771 1694 928 1762 videtur
918 1717 953 1761 m
974 1697 1150 1781 66166666,
1177 1704 1215 1766 66
1236 1700 1429 1770 elisionem
1419 1724 1456 1768 1n

329 1823 463 1870 caesura
494 1798 649 1868 adhibere
679 1798 741 1865 sibi
771 1799 968 1866 concederet
1020 1800 1130 1868 Facile
1161 1804 1289 1886 quidem
1323 1804 1456 1872 tolerari

328 1910 517 1991 possuntr
517 1954 523 1968 .
495 1906 594 1969 r69
630 1886 837 1970 6666666666
871 1909 904 1967 66
939 1923 1012 1983 666,
1049 1923 1132 1986 quae
1166 1907 1207 1972 ad
1242 1928 1352 1975 vocem
1381 1911 1469 1994 -que'

328 2011 560 2096 pertinente
539 2012 632 2073 630
661 2010 764 2073 6660
793 2011 826 2073 66
854 2011 893 2071 63
924 2007 1089 2090 elisiones,
1123 2008 1158 2076 id
1186 2012 1274 2096 quod
1301 2013 1454 2080 usitatius

329 2112 415 2199 apud
453 2111 637 2179 nobiliores.
697 2110 804 2194 Magis
843 2109 1017 2198 displicent
1055 2110 1117 2178 hae
1156 2111 1306 2180 elisiones
1344 2137 1372 2180 ι.
1412 2119 1454 2180 56

329 2219 545 2301 Hymenaeum
567 2233 668 2282 auras
695 2217 730 2279 et
756 2235 786 2277 ι.
816 2214 856 2277 91
887 2233 1017 2280 suormu
1039 2220 1082 2296 66,
1112 2237 1194 2300 quae
1225 2221 1333 2284 tamen
1355 2217 1455 2284 etiam

329 2319 412 2388 61666
432 2318 594 2386 interdum
619 2316 885 2401 reperiunturc
855 2315 905 2397 (6.6
930 2315 1097 2384 claudian
1120 2318 1210 2385 Eutr
1231 2319 1332 2386 1382
1361 2321 1454 2388 bello-

327 2446 401 2492 rum
397 2405 518 2503 alsam·
540 2440 625 2487 cons.
647 2418 730 2484 Η66.
754 2417 797 2485 VI
821 2423 883 2484 624
905 2441 1049 2488 errorum
1071 2426 1177 2504 artes.)

412 2528 532 2593 Verum
554 2523 634 2588 haec
656 2521 697 2586 de
719 2521 861 2588 caesuris
883 2522 1051 2593 hactenus.
1091 2524 1185 2590 Nunc
1205 2544 1281 2592 vero
1298 2525 1455 2594 nonnulla

326 2632 361 2698 in
377 2631 559 2698 universum
581 2627 628 2692 de
650 2624 911 2707 elisionibus,
935 2648 1016 2711 quas
1038 2627 1200 2696 Patricius
1222 2631 1368 2713 quamvis
1389 2651 1456 2696 non

328 2733 531 2820 frequentius
553 2731 674 2812 debito,
696 2735 805 2796 tamen
826 2729 914 2796 hand
931 2730 1157 2817 infrequenter
1174 2736 1274 2818 atque
1292 2732 1457 2800 interdum

328 2860 401 2905 cnm
421 2837 554 2904 licentia
576 2833 717 2918 quadam
739 2838 885 2918 usurpat.

414 2941 514 3026 Atqui
540 2940 576 3005 in
604 2937 792 3005 elisionibus
821 2937 971 3004 taxandis
1001 2958 1084 3023 quae
1115 2939 1200 3006 ratio
1231 2939 1275 3005 sit
1304 2939 1453 3020 ineunda,

328 3047 455 3132 egregie
477 3065 527 3110 me
549 3042 659 3108 docuit
681 3042 802 3108 Birtius
824 3048 1024 3128 praeceptor,
1047 3063 1142 3129 quem
1164 3064 1290 3129 sequor.

413 3149 530 3233 Itaque
542 3147 680 3230 primum
693 3166 856 3212 morarum
870 3145 958 3212 locos
972 3151 1156 3213 statuamus
1169 3147 1256 3214 hunc
1266 3148 1300 3212 66
1309 3146 1454 3213 modum:

412 3459 534 3526 Extant
566 3462 674 3539 antem
703 3457 830 3524 omnino
866 3456 953 3541 apud
981 3455 1156 3522 Patricium
1194 3454 1342 3522 elisiones
1369 3456 1455 3522 inter

327 3583 434 3631 moras
457 3567 476 3628 2
499 3567 532 3630 66
555 3557 690 3644 3,'inter
712 3565 730 3626 3
753 3565 787 3627 et
808 3566 837 3640 4,
867 3560 952 3627 inter
972 3566 993 3626 4
1011 3565 1045 3626 66
1063 3564 1091 3641 5,
1118 3559 1205 3625 66666
1228 3560 1346 3640 6667,
1366 3559 1454 3626 inter

328 3672 445 3748 8669,
466 3668 552 3732 inter
575 3667 616 3732 10
637 3670 671 3730 et
694 3666 743 3745 11,
764 3665 851 3730 inter
875 3664 915 3729 14
936 3668 969 3730 et
992 3665 1041 3744 15,
1064 3662 1210 3728 6666615
1232 3667 1266 3729 et
1288 3664 1338 3728 16.

412 3771 498 3855 Ergo
518 3773 552 3836 in
572 3767 709 3835 vitandis
728 3767 925 3851 turpissimis
944 3766 1144 3849 (6616666666
1164 3786 1273 3832 moras
1293 3767 1336 3836 22
1354 3769 1388 3831 66
1400 3767 1451 3846 23,

327 3877 413 3942 66666
440 3876 483 3940 20
505 3878 537 3940 66
559 3874 616 3954 21,
643 3872 730 3937 inter
759 3871 799 3935 19
821 3873 855 3935 66
876 3872 920 3937 20
940 3870 994 3952 61.)
1023 3868 1183 3936 Patricius
1213 3868 1297 3934 satis
1324 3867 1453 3935 ridetur

327 3977 404 4044 felix
425 3997 505 4042 6666.
550 3976 686 4044 Ρ666666
707 3973 871 4059 legitimae
900 3980 976 4040 sunt
1004 3973 1154 4040 elisiones
1181 3971 1293 4036 66666
1320 3991 1452 4037 moras

328 4080 471 4158 2663,
505 4078 562 4145 ubi
591 4084 642 4145 ter
667 4097 855 4162 semperque
882 4077 988 4144 brevis
1016 4075 1136 4144 vocalis
1165 4072 1313 4140 eliditur:
1357 4096 1385 4140 ι.
1410 4075 1451 4140 53

328 4187 433 4268 Atque
430 4166 590 4265 audisse,
612 4206 639 4250 ι.
662 4184 704 4248 58
727 4164 821 4266 Ipse
823 4181 943 4264 educi,
965 4201 993 4246 ι.
1017 4181 1057 4244 91
1088 4161 1196 4247 Uude
1198 4182 1278 4244 aute
1452 4245 1454 4250 ,

412 4285 588 4371 Quinquies
613 4285 763 4368 deinceps
790 4285 1045 4351 6666666666
1067 4278 1189 4349 4665
1210 4280 1356 4346 eliditur.
1377 4278 1450 4345 bre·

326 4391 375 4458 ris
404 4389 523 4457 vocalis
559 4412 587 4457 v.
617 4390 638 4454 3
668 4410 786 4473 quoque
775 4371 971 4466 Aeaeam
1008 4407 1037 4452 ι.
1067 4387 1106 4452 91
1144 4390 1217 4452 aute
1239 4405 1312 4465 ora,
1353 4382 1451 4468 longa
