3246 5296
880 522 900 582 4

808 607 962 616 ...ιι-

319 708 408 769 metu
422 706 529 769 tactus
544 705 625 769 talia
639 704 857 770 contenderet.
903 705 988 771 Sane
1000 704 1129 769 hercule
1147 704 1181 768 id
1198 725 1264 768 non
1281 705 1451 787 potuisset,

319 805 383 870 nisi
404 826 439 870 re
461 826 537 872 vera
558 807 678 871 multos
708 806 834 872 codices
867 807 934 872 sive
961 807 996 871 in
1023 805 1195 872 itineribus
1224 807 1289 872 sire
1320 806 1450 873 aliunde

319 907 471 974 collectos
503 930 574 974 eum
610 909 777 993 possidere
815 909 900 974 inter
936 909 1090 993 aequales
1126 911 1206 975 satis
1242 910 1449 976 constitisset.

318 1010 395 1095 Ipse
417 1017 525 1076 autem
548 1011 748 1077 Barthius
771 1011 940 1077 confirmat
962 1012 1095 1077 Advers.
1118 1010 1135 1074 I
1159 1017 1193 1077 3:
1238 1013 1328 1080 Iater
1350 1016 1451 1078 cetero

318 1115 453 1196 antipae
474 1119 674 1180 monumento
695 1116 808 1196 trepens
830 1116 920 1196 copia
946 1115 1205 1180 Christianorum
1224 1120 1389 1196 poetaram
1407 1116 1451 1180 ad

317 1237 366 1281 me
388 1220 548 1299 correpsit,
568 1222 597 1282 et
614 1219 713 1299 pauci
729 1221 818 1297 scat,
835 1237 969 1298 quoram
986 1217 1182 1300 coemptarr'a
1198 1239 1298 1282 manu
1316 1223 1449 1284 eborata

318 1320 481 1401 complura
502 1340 566 1384 aaa
587 1319 729 1384 babeam.

404 1423 512 1500 Quare
535 1423 561 1486 si
583 1421 618 1486 id
649 1443 773 1487 mecum
795 1421 972 1499 considero,
1005 1441 1102 1503 quam
1131 1421 1234 1486 multo
1255 1421 1384 1488 facilius
1407 1423 1450 1487 sit

317 1526 461 1610 singulas
485 1526 663 1608 scripturas
685 1545 742 1608 per
764 1523 912 1589 fraudem
934 1529 1132 1590 commutare
1151 1524 1261 1591 ficticii
1283 1525 1448 1591 cuiusdam

317 1627 438 1694 codicis
467 1627 530 1694 fide
559 1627 679 1707 nisum,
715 1648 812 1710 quam
841 1626 943 1692 totius
973 1627 1124 1692 carminis
1153 1631 1323 1693 contextus
1353 1628 1448 1702 fidem

315 1731 453 1810 mentiri,
477 1731 622 1813 profecto
650 1750 716 1794 non
745 1731 852 1810 video,
882 1750 939 1793 our
969 1731 1090 1809 omnia,
1120 1751 1203 1814 quae
1224 1729 1280 1795 ille
1303 1731 1447 1814 protulit,

315 1833 404 1898 nullo
436 1832 583 1898 adhibito
616 1832 736 1897 iudicio
767 1831 953 1912 ablegamus
985 1833 1130 1915 adeoque
1158 1834 1194 1897 in
1231 1834 1446 1917 suspectando

314 1935 538 2020 procedamus,
560 1940 598 2000 ut
620 1936 719 1999 etiam
741 1935 886 2000 carmina
909 1934 1029 1999 abillo
1053 1954 1093 1999 ex
1122 1934 1289 2000 codicibus
1312 1941 1447 2002 exarata

315 2042 413 2121 atque
436 2038 559 2103 tradita
580 2058 780 2122 spernamus.
825 2036 898 2101 Etsi
921 2039 1004 2102 enirn
1032 2057 1098 2101 non
1121 2038 1237 2118 omnia,
1267 2059 1351 2122 quae
1373 2060 1446 2124 pro—

314 2140 405 2220 tulit,
428 2141 547 2206 bonam
575 2160 654 2223 prae
684 2161 718 2204 se
746 2140 856 2204 ferunt
878 2139 1029 2222 speciem,
1055 2143 1166 2204 tamen
1190 2145 1278 2205 certe
1301 2147 1447 2208 nostrum

315 2244 443 2309 ridetur
466 2263 537 2308 esse
559 2263 662 2326 grana
680 2241 835 2326 eligentes
859 2241 989 2324 epalea
1011 2243 1079 2306 siue
1097 2243 1149 2306 ira
1171 2247 1203 2307 et
1223 2243 1339 2325 studio,
1364 2265 1446 2327 quae

315 2345 413 2428 digna
434 2349 518 2425 sunt,
540 2344 694 2427 recipcre.
739 2345 806 2408 Nec
821 2343 934 2408 dubito
954 2345 1032 2426 quin
1044 2345 1208 2424 nonnulla,
1231 2345 1259 2409 si
1272 2346 1446 2412 intentiore

313 2467 393 2513 cura
422 2447 507 2512 lecta
535 2467 555 2511 a
579 2446 659 2511 viris
689 2446 794 2512 doctis
824 2450 882 2510 aut
910 2447 991 2511 satis
1022 2447 1089 2511 acri
1120 2446 1297 2531 subtilique
1326 2449 1445 2515 iudicio

314 2550 484 2616 aestimata
506 2553 622 2629 essent,
644 2549 830 2613 iamdudum
843 2548 979 2614 laudata
998 2553 1095 2632 atque
1108 2569 1241 2614 numero
1265 2555 1445 2618 ceterorum

313 2672 378 2717 non
401 2657 625 2735 suspectorum
648 2651 857 2732 anthologiae
881 2652 1056 2716 carminum
1079 2653 1202 2718 inserta
1225 2652 1340 2722 forent.

400 2755 489 2832 Quae
512 2775 584 2819 cum
606 2755 655 2820 ita
670 2754 745 2834 sint,
767 2753 910 2819 fortasse
924 2759 1089 2838 exspectes
1104 2776 1188 2820 nunc
1201 2776 1261 2820 nos
1276 2758 1444 2824 Barthium

313 2857 449 2924 laudare
465 2862 564 2941 atque
578 2856 620 2922 ab
635 2857 721 2922 omni
735 2857 911 2941 opprobrio
924 2878 1065 2940 purgare
1079 2864 1287 2941 suscepturos
1302 2899 1342 2907 —
1358 2861 1444 2945 quod

312 2959 471 3025 mehercle
493 2981 545 3026 res
567 2959 655 3024 haud
677 2980 785 3042 parra,
808 2959 835 3024 si
854 2958 985 3043 quidem
1002 2959 1162 3044 respicere
1185 2960 1262 3025 velis
1286 2969 1444 3045 quantum

311 3061 367 3128 ille
390 3062 558 3146 scripserit
582 3086 637 3143 —;
668 3063 763 3126 immo
793 3063 901 3127 minus
929 3061 1025 3127 hodie
1052 3063 1256 3146 propositum
1278 3064 1444 3147 habemus,

313 3165 399 3249 quod
421 3170 531 3230 tamen
553 3185 618 3229 non
648 3165 740 3248 parvi
762 3165 916 3230 momenti
945 3168 994 3230 est
1016 3164 1057 3230 ad
1085 3170 1189 3230 totam
1218 3167 1258 3231 de
1283 3166 1348 3232 illis
1371 3189 1443 3235 car-

311 3267 449 3332 minibus
472 3267 694 3349 quaestiouem
717 3267 796 3332 satis
821 3266 1016 3334 solvendam.

397 3369 631 3452 Proposuimus
652 3390 751 3434 unum
778 3370 908 3434 tandem
931 3389 970 3434 ex
998 3369 1062 3434 illis
1086 3390 1232 3449 carmen,
1262 3372 1347 3451 quod
1368 3394 1442 3456 per·

310 3470 430 3555 legenti
458 3470 538 3534 mihi
567 3472 708 3536 omnium
743 3470 839 3552 longe
871 3471 1028 3554 optimum
1055 3491 1116 3534 nec
1148 3470 1245 3535 laude
1274 3472 1442 3556 indignum

310 3574 412 3638 visum
435 3578 494 3652 est,
516 3572 551 3636 in
575 3594 668 3638 suam
698 3572 891 3656 dignitatem
920 3573 1092 3637 restituere
1121 3591 1181 3636 nec
1209 3592 1275 3637 non
1296 3574 1442 3642 collectis

311 3679 411 3740 antea
433 3674 580 3739 omnibus
603 3673 729 3739 indiciis
760 3679 859 3757 atque
882 3676 1090 3757 argumentis,
1120 3676 1205 3741 unde
1228 3682 1317 3743 certe
1340 3701 1441 3765 appa-

309 3779 398 3842 reret
411 3795 543 3859 prorsus
557 3775 728 3860 genuinum
743 3797 813 3842 esse
828 3798 956 3842 carmen
967 3780 1064 3859 atque
1075 3779 1253 3860 antiquum,
1269 3780 1312 3845 ad
1322 3784 1442 3847 calcem

310 3878 461 3961 deinceps
475 3877 570 3942 huius
586 3880 862 3945 commentationis
876 3898 991 3944 noram
1007 3878 1075 3944 eius
1091 3884 1189 3962 atque
1197 3882 1317 3948 iustam
1325 3884 1441 3950 editio—

309 4002 382 4047 nem
400 3981 539 4048 adicere.
576 3982 657 4046 Dico
671 3982 841 4062 Petrinis,
865 3982 951 4064 quod
964 3987 1106 4064 vocatur,
1128 3983 1440 4067 epithalamium

309 4082 499 4167 Aluspicii
522 4090 562 4148 et
584 4083 777 4169 Aeliae),
808 4085 899 4150 euius
922 4085 962 4150 de
982 4084 1046 4150 fide
1066 4107 1104 4152 ac
1124 4086 1282 4170 dignitate
1303 4086 1440 4171 duobus,

309 4205 392 4268 quae
414 4189 601 4267 sequuntur,
625 4186 788 4269 capitibus
810 4186 943 4253 uberius
965 4186 1112 4273 praefari
1134 4190 1199 4254 iam
1221 4188 1340 4256 licebit.

379 4323 397 4392 ¹)
405 4321 590 4462 Mwednfflorf’
607 4321 637 4379 P.
655 4321 686 4376 L.
705 4321 742 4376 M.
760 4322 798 4376 IV
816 4324 832 4375 2
850 4339 877 4391 p.
896 4325 955 4377 475.
974 4323 1064 4393 Riese,
1082 4324 1196 4378 Anthol.
1211 4327 1269 4379 941.
1288 4327 1437 4384 Baehrens.

307 4408 337 4462 P,
355 4409 386 4462 L.
436 4446 442 4458 ,
501 4425 529 4476 p.
547 4410 605 4460 422.
