3246 5296
793 493 947 588 -40-

307 680 409 746 Fauni
429 680 528 766 igitur
550 679 774 764 significantur
796 680 966 764 Dryadum
987 679 1103 746 deliria
1123 700 1228 764 neque
1250 679 1315 746 alio
1337 701 1433 747 sensu

307 805 404 869 quam
426 783 502 851 hoc:
525 783 582 870 qni
603 782 744 850 delirare
765 783 889 849 faciunt
909 781 1086 870 Nymphas.

393 887 560 968 Similiter,
590 894 627 953 ut
654 889 738 953 iuste
760 885 999 953 Wernsdorfius
1025 890 1210 973 comparat,
1232 887 1373 976 Priapus
1399 888 1433 954 in

306 992 451 1057 Petronii
473 992 612 1058 carmine
635 991 807 1076 Dryadum
830 991 975 1077 uoluptas
997 990 1124 1056 dicitur.
1177 991 1222 1056 At
1242 992 1278 1056 in
1300 1011 1339 1058 ea
1360 992 1434 1079 ipsa

307 1115 384 1161 vocs
413 1094 566 1161 deliria
594 1092 771 1161 difficultas
803 1094 898 1161 inest.
949 1095 1032 1161 Nam
1061 1094 1160 1159 semel
1189 1100 1318 1161 tantum
1347 1096 1432 1162 anti·

307 1220 391 1284 quae
428 1200 547 1266 aetatis
579 1197 726 1285 exemplo
764 1197 993 1280 confirmatur3
1031 1197 1151 1282 legitur
1182 1199 1270 1285 apud
1304 1197 1434 1266 Celsum

306 1301 355 1367 Ill
380 1307 434 1368 18:
464 1303 649 1385 Aliquando
677 1323 714 1367 ec
735 1307 835 1368 mente
856 1302 1007 1368 delirium
1027 1303 1186 1383 00001100,
1216 1322 1280 1386 qno
1303 1303 1434 1387 quidem

305 1407 376 1473 loco
399 1407 548 1473 delirium
564 1405 697 1492 insuper
714 1406 859 1472 medicae
881 1404 961 1470 artis
983 1403 1175 1470 vocabulum
1197 1425 1267 1472 esso
1286 1412 1431 1492 apparet.
1453 1417 1460 1428 '

307 1509 429 1576 Contra
469 1531 509 1575 ex
544 1510 606 1574 hoc
644 1507 733 1575 10010
763 1509 871 1576 000010
902 1529 945 1575 an
975 1508 1123 1595 profecta
1152 1511 1188 1574 in
1217 1511 1433 1577 recentiorum

305 1617 489 1700 temporum
501 1613 666 1679 latinitate
677 1617 791 1679 mentis
801 1614 918 1680 delirio
931 1613 1045 1679 eodem
1059 1633 1164 1694 sensu,
1183 1633 1279 1698 quem
1291 1614 1434 1680 habeant

306 1737 405 1802 00900
427 1719 579 1784 0101111100
599 1716 651 1783 vel
674 1717 822 1794 ludibrio,
840 1715 957 1792 florere
970 1717 1088 1782 docent
1101 1736 1153 1780 me
1166 1717 1315 1804 exempla
1331 1719 1433 1805 ipsius

308 1819 444 1907 Caspari
465 1821 593 1887 Barthii
623 1826 721 1906 atque
745 1821 910 1887 Enstathii
938 1819 1107 1886 cuiusdam
1136 1819 1280 1901 Swartii,
1308 1821 1435 1888 Barthii

306 1924 418 2004 amici,
444 1925 499 2009 qui
527 1923 590 1990 hoc
617 1928 701 1990 teste
722 1924 813 1989 illam
833 1945 945 1991 vocem
966 1924 1082 1990 0101010
1102 1923 1273 2010 usurpavit
1292 1926 1327 1990 in
1349 1929 1434 1990 Ana-

305 2025 465 2094 leotorum
503 2027 581 2092 libri
610 2028 627 2092 I
655 2049 725 2114 cap.
749 2027 827 2108 XII,
869 2027 925 2094 ubi
955 2028 1101 2113 impuros
1132 2025 1273 2092 Graecos
1304 2028 1434 2094 lambos

305 2128 465 2197 Theodori
486 2131 640 2198 Prodomi
667 2134 702 2199 in
724 2130 953 2214 Expostulario
984 2132 1026 2197 ad
1055 2129 1295 2198 Providentiam
1316 2133 1434 2218 puris

305 2235 486 2314 Latinis,
517 2239 556 2302 ut
584 2235 664 2300 dicit
693 2234 863 2315 Barthius,
892 2233 1046 2300 reddidit.
1105 2235 1205 2300 Extat
1234 2242 1343 2301 autem
1374 2256 1435 2301 vox

307 2337 424 2404 deliria
451 2339 510 2405 sub
539 2339 637 2404 finem
665 2339 752 2406 illius
780 2338 939 2426 poematis
969 2338 1021 2425 (01
1045 2337 1159 2405 Barth.
1189 2338 1260 2403 adv.
1284 2340 1304 2406 1.
1327 2337 1386 2405 LX
1407 2360 1433 2405 c.

306 2441 338 2505 X
360 2463 391 2525 p.
416 2444 524 2530 2904),
547 2444 604 2509 nbi
624 2443 755 2527 legitur:

876 2544 1090 2632 Insipientum

434 2648 575 2715 Mactari
596 2649 710 2715 honori
733 2648 867 2733 divitum
889 2649 1054 2714 deliria.

307 2751 399 2831 Quod
426 2758 538 2818 autem
564 2753 635 2838 ipse
657 2752 812 2819 Barthins
840 2755 874 2818 in
903 2755 970 2819 suis
998 2751 1197 2818 carminibus
1225 2753 1260 2818 in
1287 2754 1349 2820 hac
1371 2754 1435 2820 fre-

306 2856 492 2940 quentanda
511 2876 589 2922 voce
611 2853 679 2923 iere
700 2856 819 2922 nimius
833 2855 959 2920 videtur
979 2877 1051 2923 esse
1072 2894 1116 2904 —
1136 2858 1169 2923 in
1186 2856 1435 2943 soliloquiorum

276 3047 278 3051 ι
307 2959 506 3026 carminibus
528 2960 626 3026 vicies
649 2960 699 3026 bis
722 2981 850 3045 semper
873 2957 995 3040 eadem,
1025 2981 1091 3044 qua
1112 2965 1226 3026 nostro
1248 2957 1329 3041 lo‘co,
1360 2963 1436 3029 sede

305 3084 417 3130 versus
439 3063 519 3128 mihi
541 3064 681 3130 occurrit
701 3101 745 3113 —
767 3085 832 3129 non
852 3065 963 3150 inepte
984 3062 1124 3129 fortasse
1146 3063 1292 3130 videmur
1319 3072 1435 3153 putare

306 3186 380 3232 eum
401 3167 540 3232 maxime
563 3189 603 3233 ex
624 3167 685 3232 hoc
701 3166 837 3233 Patrieii
858 3166 939 3248 1000,
962 3189 1058 3252 quem
1080 3167 1279 3235 laudabilem
1301 3170 1436 3257 accepit,

305 3269 395 3337 verbi
417 3292 512 3336 usum
534 3271 739 3359 expressisse.

391 3478 559 3544 Hactenus
599 3478 639 3544 de
677 3477 729 3543 his
764 3477 899 3543 Patricii
933 3476 1083 3544 dictionis
1121 3477 1311 3545 insolentiis.
1369 3481 1436 3547 lam

306 3582 465 3648 accedunt
499 3582 565 3648 0110
598 3581 757 3649 eiusmodi
787 3578 947 3661 notanda,
983 3602 1065 3666 quae
1096 3581 1228 3665 quidem
1258 3583 1368 3668 aliqua
1398 3606 1438 3650 ox

306 3690 401 3773 parte
435 3685 502 3751 iam
532 3709 552 3752 a
582 3685 703 3764 doctis,
738 3684 795 3770 qui
822 3684 957 3750 carmini
988 3705 1122 3771 operam
1152 3685 1325 3767 dederunt,
1361 3689 1436 3754 viris

305 3791 447 3874 repetita
468 3779 545 3855 sunt
567 3810 606 3855 ex
627 3790 761 3858 textus
785 3790 1037 3875 corruptelis,
1067 3795 1151 3873 qua'c
1172 3811 1232 3877 per
1253 3794 1437 3878 temporum

305 3892 459 3960 inimiam
476 3893 679 3980 irrepserint.
723 3892 787 3958 Sed
812 3895 898 3959 sicut
924 3894 959 3958 in
988 3891 1188 3959 emendando
1217 3912 1282 3959 non
1310 3915 1438 3982 semper

306 3996 418 4063 1011000
440 3995 541 4063 fuisse
563 3995 625 4062 uiri
647 3997 735 4062 docti
757 3995 837 4061 mihi
858 3996 1026 4078 visisunt,
1053 3997 1104 4062 ita
1125 3997 1224 4064 etiam
1246 4003 1330 4080 sunt,
1355 4019 1437 4085 quae

307 4101 477 4167 omiserint
498 4121 646 4185 quaeque
668 4105 755 4167 certe
778 4100 970 4187 corrigenda
991 4099 1171 4168 videantur.

391 4203 453 4271 llic
475 4223 582 4291 pauca
604 4203 749 4288 praefari
770 4205 877 4270 110001.

394 4309 603 4396 Corruptelae
633 4309 733 4392 igitur
768 4310 895 4376 adsunt.
946 4308 1026 4374 Inde
1060 4330 1167 4375 nonne
1198 4313 1287 4375 certo
1319 4308 1438 4376 certius

308 4416 471 4497 sequitur,
500 4419 538 4479 ut
560 4412 805 4500 epithalamium
828 4415 894 4481 iam
915 4417 998 4494 tum,
1024 4434 1094 4479 cum
1116 4413 1149 4479 10
1172 4412 1301 4480 Barthii
1322 4433 1438 4480 manns
