<?xml version="1.0" encoding="UTF-8"?>
<!DOCTYPE html PUBLIC "-//W3C//DTD XHTML 1.0 Transitional//EN"
    "http://www.w3.org/TR/xhtml1/DTD/xhtml1-transitional.dtd">
<html xmlns="http://www.w3.org/1999/xhtml" xml:lang="en" lang="en">
 <head>
  <title>
</title>
<meta http-equiv="Content-Type" content="text/html;charset=utf-8" />
  <meta name='ocr-system' content='tesseract 3.04.00' />
  <meta name='ocr-capabilities' content='ocr_page ocr_carea ocr_par ocr_line ocrx_word'/>
</head>
<body>
  <div class='ocr_page' id='page_1' title='image "./patriciepithala00buengoog_0013.png"; bbox 0 0 3246 5296; ppageno 0'>
   <div class='ocr_carea' id='block_1_1' title="bbox 898 565 919 631">
    <p class='ocr_par' dir='ltr' id='par_1_1' title="bbox 898 565 919 631">
     <span class='ocr_line' id='line_1_1' title="bbox 898 565 919 631; baseline 0 0"><span class='ocrx_word' id='word_1_1' title='bbox 898 565 919 631; x_wconf 90' lang='lat'>6</span> 
     </span>
    </p>
   </div>
   <div class='ocr_carea' id='block_1_2' title="bbox 336 750 1472 3785">
    <p class='ocr_par' dir='ltr' id='par_1_2' title="bbox 338 750 1471 1042">
     <span class='ocr_line' id='line_1_2' title="bbox 426 750 1471 836; baseline -0.003 -18"><span class='ocrx_word' id='word_1_2' title='bbox 426 756 586 820; x_wconf 83' lang='lat' dir='ltr'><strong>Videntur</strong></span> <span class='ocrx_word' id='word_1_3' title='bbox 614 758 724 819; x_wconf 89' lang='lat' dir='ltr'>autem</span> <span class='ocrx_word' id='word_1_4' title='bbox 751 772 863 818; x_wconf 87' lang='lat' dir='ltr'>versus</span> <span class='ocrx_word' id='word_1_5' title='bbox 890 750 993 817; x_wconf 86' lang='lat' dir='ltr'>fuisse</span> <span class='ocrx_word' id='word_1_6' title='bbox 1015 751 1205 817; x_wconf 79' lang='lat' dir='ltr'>Marcelli</span> <span class='ocrx_word' id='word_1_7' title='bbox 1228 752 1435 836; x_wconf 84' lang='lat' dir='ltr'>Empirici.</span> <span class='ocrx_word' id='word_1_8' title='bbox 1447 753 1471 835; x_wconf 89' lang='lat'>¹)</span> 
     </span>
     <span class='ocr_line' id='line_1_3' title="bbox 338 853 1471 939; baseline -0.004 -18"><span class='ocrx_word' id='word_1_9' title='bbox 338 857 425 939; x_wconf 85' lang='lat' dir='ltr'>Ergo</span> <span class='ocrx_word' id='word_1_10' title='bbox 460 859 489 922; x_wconf 87' lang='lat' dir='ltr'>si</span> <span class='ocrx_word' id='word_1_11' title='bbox 520 856 601 923; x_wconf 86' lang='lat' dir='ltr'>folia</span> <span class='ocrx_word' id='word_1_12' title='bbox 633 856 697 920; x_wconf 92' lang='lat' dir='ltr'>duo</span> <span class='ocrx_word' id='word_1_13' title='bbox 729 854 935 921; x_wconf 80' lang='lat' dir='ltr'>cohaerentia</span> <span class='ocrx_word' id='word_1_14' title='bbox 968 853 1068 918; x_wconf 86' lang='lat' dir='ltr'>fuisse</span> <span class='ocrx_word' id='word_1_15' title='bbox 1099 855 1274 919; x_wconf 84' lang='lat' dir='ltr'><strong>conicimus</strong></span> <span class='ocrx_word' id='word_1_16' title='bbox 1305 855 1339 918; x_wconf 93' lang='lat' dir='ltr'>in</span> <span class='ocrx_word' id='word_1_17' title='bbox 1366 853 1471 936; x_wconf 90' lang='lat' dir='ltr'>iisque</span> 
     </span>
     <span class='ocr_line' id='line_1_4' title="bbox 339 955 1265 1042; baseline -0.005 -19"><span class='ocrx_word' id='word_1_18' title='bbox 339 960 473 1042; x_wconf 84' lang='lat' dir='ltr'>paginas</span> <span class='ocrx_word' id='word_1_19' title='bbox 496 962 658 1040; x_wconf 87' lang='lat' dir='ltr'>quattuor,</span> <span class='ocrx_word' id='word_1_20' title='bbox 679 957 821 1021; x_wconf 87' lang='lat' dir='ltr'>sortasse</span> <span class='ocrx_word' id='word_1_21' title='bbox 843 958 890 1020; x_wconf 89' lang='lat' dir='ltr'>ita</span> <span class='ocrx_word' id='word_1_22' title='bbox 912 955 1164 1038; x_wconf 87' lang='lat' dir='ltr'>computandum</span> <span class='ocrx_word' id='word_1_23' title='bbox 1187 958 1265 1020; x_wconf 86' lang='lat' dir='ltr'>erit:</span> 
     </span>
    </p>

    <p class='ocr_par' dir='ltr' id='par_1_3' title="bbox 336 1054 1472 3375">
     <span class='ocr_line' id='line_1_5' title="bbox 425 1054 1470 1142; baseline -0.005 -17"><span class='ocrx_word' id='word_1_24' title='bbox 425 1060 582 1125; x_wconf 88' lang='lat' dir='ltr'>Vocemus</span> <span class='ocrx_word' id='word_1_25' title='bbox 602 1058 672 1124; x_wconf 86' lang='lat' dir='ltr'>folii</span> <span class='ocrx_word' id='word_1_26' title='bbox 691 1058 787 1142; x_wconf 91' lang='lat' dir='ltr'>primi</span> <span class='ocrx_word' id='word_1_27' title='bbox 804 1059 939 1141; x_wconf 89' lang='lat' dir='ltr'>paginas</span> <span class='ocrx_word' id='word_1_28' title='bbox 960 1063 973 1122; x_wconf 93' lang='lat'>1</span> <span class='ocrx_word' id='word_1_29' title='bbox 996 1063 1030 1121; x_wconf 91' lang='lat' dir='ltr'>et</span> <span class='ocrx_word' id='word_1_30' title='bbox 1049 1062 1077 1136; x_wconf 83' lang='lat'>2,</span> <span class='ocrx_word' id='word_1_31' title='bbox 1096 1054 1167 1121; x_wconf 85' lang='lat' dir='ltr'>folii</span> <span class='ocrx_word' id='word_1_32' title='bbox 1188 1056 1320 1121; x_wconf 89' lang='lat' dir='ltr'>secundi</span> <span class='ocrx_word' id='word_1_33' title='bbox 1337 1057 1470 1140; x_wconf 85' lang='lat' dir='ltr'>paginas</span> 
     </span>
     <span class='ocr_line' id='line_1_6' title="bbox 340 1157 1472 1244; baseline -0.004 -18"><span class='ocrx_word' id='word_1_34' title='bbox 340 1167 416 1227; x_wconf 71' lang='lat' dir='ltr'>tet</span> <span class='ocrx_word' id='word_1_35' title='bbox 438 1169 474 1240; x_wconf 81' lang='lat'>43</span> <span class='ocrx_word' id='word_1_36' title='bbox 504 1164 643 1244; x_wconf 90' lang='lat' dir='ltr'>apparet</span> <span class='ocrx_word' id='word_1_37' title='bbox 670 1161 808 1244; x_wconf 87' lang='lat' dir='ltr'>paginas</span> <span class='ocrx_word' id='word_1_38' title='bbox 832 1163 851 1221; x_wconf 84' lang='lat'>2</span> <span class='ocrx_word' id='word_1_39' title='bbox 875 1164 908 1223; x_wconf 92' lang='lat' dir='ltr'>et</span> <span class='ocrx_word' id='word_1_40' title='bbox 931 1167 950 1223; x_wconf 79' lang='grc'><strong><em>3</em></strong></span> <span class='ocrx_word' id='word_1_41' title='bbox 973 1178 1041 1226; x_wconf 89' lang='lat' dir='ltr'>esse</span> <span class='ocrx_word' id='word_1_42' title='bbox 1070 1159 1291 1240; x_wconf 79' lang='lat' dir='ltr'>„interiores“.</span> <span class='ocrx_word' id='word_1_43' title='bbox 1337 1157 1472 1224; x_wconf 85' lang='lat' dir='ltr'>Constat</span> 
     </span>
     <span class='ocr_line' id='line_1_7' title="bbox 339 1259 1471 1343; baseline -0.004 -15"><span class='ocrx_word' id='word_1_44' title='bbox 339 1263 484 1328; x_wconf 79' lang='lat' dir='ltr'>Marcelli</span> <span class='ocrx_word' id='word_1_45' title='bbox 506 1284 617 1328; x_wconf 88' lang='lat' dir='ltr'>versus</span> <span class='ocrx_word' id='word_1_46' title='bbox 645 1262 680 1325; x_wconf 93' lang='lat' dir='ltr'>in</span> <span class='ocrx_word' id='word_1_47' title='bbox 702 1261 817 1326; x_wconf 90' lang='lat' dir='ltr'>iisdem</span> <span class='ocrx_word' id='word_1_48' title='bbox 839 1259 926 1325; x_wconf 88' lang='lat' dir='ltr'>foliis</span> <span class='ocrx_word' id='word_1_49' title='bbox 949 1261 1096 1326; x_wconf 77' lang='lat' dir='ltr'>extitisse</span> <span class='ocrx_word' id='word_1_50' title='bbox 1125 1263 1186 1340; x_wconf 82' lang='lat' dir='ltr'>ita,</span> <span class='ocrx_word' id='word_1_51' title='bbox 1217 1266 1254 1325; x_wconf 89' lang='lat' dir='ltr'>ut</span> <span class='ocrx_word' id='word_1_52' title='bbox 1288 1261 1322 1324; x_wconf 92' lang='lat' dir='ltr'>in</span> <span class='ocrx_word' id='word_1_53' title='bbox 1351 1262 1471 1343; x_wconf 85' lang='lat' dir='ltr'>pagina</span> 
     </span>
     <span class='ocr_line' id='line_1_8' title="bbox 338 1361 1471 1445; baseline -0.002 -17"><span class='ocrx_word' id='word_1_54' title='bbox 338 1365 508 1443; x_wconf 87' lang='lat' dir='ltr'>interiore,</span> <span class='ocrx_word' id='word_1_55' title='bbox 539 1364 573 1428; x_wconf 93' lang='lat' dir='ltr'>id</span> <span class='ocrx_word' id='word_1_56' title='bbox 602 1367 652 1428; x_wconf 88' lang='lat' dir='ltr'>est</span> <span class='ocrx_word' id='word_1_57' title='bbox 680 1363 730 1426; x_wconf 88' lang='lat' dir='ltr'>vel</span> <span class='ocrx_word' id='word_1_58' title='bbox 758 1361 880 1445; x_wconf 85' lang='lat' dir='ltr'>pagina</span> <span class='ocrx_word' id='word_1_59' title='bbox 905 1363 992 1425; x_wconf 70' lang='lat' dir='ltr'>ivel</span> <span class='ocrx_word' id='word_1_60' title='bbox 1012 1368 1046 1440; x_wconf 87' lang='lat'>3,</span> <span class='ocrx_word' id='word_1_61' title='bbox 1070 1363 1251 1444; x_wconf 89' lang='lat' dir='ltr'>legerentur</span> <span class='ocrx_word' id='word_1_62' title='bbox 1278 1362 1329 1426; x_wconf 84' lang='lat' dir='ltr'>vel</span> <span class='ocrx_word' id='word_1_63' title='bbox 1357 1362 1471 1427; x_wconf 88' lang='lat' dir='ltr'>saltem</span> 
     </span>
     <span class='ocr_line' id='line_1_9' title="bbox 338 1462 1470 1551; baseline -0.003 -21"><span class='ocrx_word' id='word_1_64' title='bbox 338 1467 467 1532; x_wconf 89' lang='lat' dir='ltr'>initium</span> <span class='ocrx_word' id='word_1_65' title='bbox 496 1469 659 1551; x_wconf 82' lang='lat' dir='ltr'>caperent.</span> <span class='ocrx_word' id='word_1_66' title='bbox 717 1464 947 1546; x_wconf 83' lang='lat' dir='ltr'>Gompntemus</span> <span class='ocrx_word' id='word_1_67' title='bbox 975 1483 1086 1528; x_wconf 85' lang='lat' dir='ltr'>versus</span> <span class='ocrx_word' id='word_1_68' title='bbox 1121 1465 1160 1528; x_wconf 80' lang='grc'>78</span> <span class='ocrx_word' id='word_1_69' title='bbox 1192 1462 1337 1529; x_wconf 85' lang='lat' dir='ltr'>Marcelli</span> <span class='ocrx_word' id='word_1_70' title='bbox 1368 1470 1401 1528; x_wconf 92' lang='lat' dir='ltr'>et</span> <span class='ocrx_word' id='word_1_71' title='bbox 1431 1469 1470 1529; x_wconf 82' lang='grc'>92</span> 
     </span>
     <span class='ocr_line' id='line_1_10' title="bbox 338 1565 1469 1647; baseline -0.001 -16"><span class='ocrx_word' id='word_1_72' title='bbox 338 1567 485 1633; x_wconf 88' lang='lat' dir='ltr'>Patricii:</span> <span class='ocrx_word' id='word_1_73' title='bbox 504 1566 645 1631; x_wconf 87' lang='lat' dir='ltr'>evadunt</span> <span class='ocrx_word' id='word_1_74' title='bbox 662 1567 739 1645; x_wconf 75' lang='lat'>1703</span> <span class='ocrx_word' id='word_1_75' title='bbox 759 1565 916 1630; x_wconf 86' lang='lat' dir='ltr'>addamus</span> <span class='ocrx_word' id='word_1_76' title='bbox 935 1565 1038 1629; x_wconf 89' lang='lat' dir='ltr'>titulis</span> <span class='ocrx_word' id='word_1_77' title='bbox 1058 1565 1181 1630; x_wconf 87' lang='lat' dir='ltr'>duobus</span> <span class='ocrx_word' id='word_1_78' title='bbox 1199 1570 1294 1647; x_wconf 90' lang='lat' dir='ltr'>aptos</span> <span class='ocrx_word' id='word_1_79' title='bbox 1312 1585 1423 1632; x_wconf 83' lang='lat' dir='ltr'>versus</span> <span class='ocrx_word' id='word_1_80' title='bbox 1438 1573 1469 1631; x_wconf 84' lang='lat'>2:</span> 
     </span>
     <span class='ocr_line' id='line_1_11' title="bbox 338 1667 1470 1751; baseline -0.004 -17"><span class='ocrx_word' id='word_1_81' title='bbox 338 1669 447 1746; x_wconf 88' lang='lat' dir='ltr'>evadit</span> <span class='ocrx_word' id='word_1_82' title='bbox 474 1689 625 1734; x_wconf 82' lang='lat' dir='ltr'>versuum</span> <span class='ocrx_word' id='word_1_83' title='bbox 655 1686 779 1731; x_wconf 85' lang='lat' dir='ltr'>summa</span> <span class='ocrx_word' id='word_1_84' title='bbox 810 1671 880 1745; x_wconf 84' lang='lat'>172,</span> <span class='ocrx_word' id='word_1_85' title='bbox 905 1687 1003 1749; x_wconf 88' lang='lat' dir='ltr'>quam</span> <span class='ocrx_word' id='word_1_86' title='bbox 1025 1667 1053 1731; x_wconf 92' lang='lat' dir='ltr'>si</span> <span class='ocrx_word' id='word_1_87' title='bbox 1074 1687 1132 1751; x_wconf 93' lang='lat' dir='ltr'>per</span> <span class='ocrx_word' id='word_1_88' title='bbox 1153 1667 1176 1731; x_wconf 88' lang='grc'>4</span> <span class='ocrx_word' id='word_1_89' title='bbox 1196 1667 1333 1749; x_wconf 88' lang='lat' dir='ltr'>paginas</span> <span class='ocrx_word' id='word_1_90' title='bbox 1363 1667 1470 1731; x_wconf 90' lang='lat' dir='ltr'>distri·</span> 
     </span>
     <span class='ocr_line' id='line_1_12' title="bbox 340 1767 1471 1852; baseline -0.003 -16"><span class='ocrx_word' id='word_1_91' title='bbox 340 1772 478 1850; x_wconf 90' lang='lat' dir='ltr'>buimus‚</span> <span class='ocrx_word' id='word_1_92' title='bbox 501 1769 637 1835; x_wconf 86' lang='lat' dir='ltr'>habebit</span> <span class='ocrx_word' id='word_1_93' title='bbox 658 1769 780 1852; x_wconf 84' lang='lat' dir='ltr'>pagina</span> <span class='ocrx_word' id='word_1_94' title='bbox 801 1789 1018 1852; x_wconf 86' lang='lat' dir='ltr'>unaquaeque</span> <span class='ocrx_word' id='word_1_95' title='bbox 1040 1789 1152 1834; x_wconf 89' lang='lat' dir='ltr'>versus</span> <span class='ocrx_word' id='word_1_96' title='bbox 1174 1788 1307 1832; x_wconf 91' lang='lat' dir='ltr'>numero</span> <span class='ocrx_word' id='word_1_97' title='bbox 1331 1767 1471 1850; x_wconf 87' lang='lat' dir='ltr'>quadra-</span> 
     </span>
     <span class='ocr_line' id='line_1_13' title="bbox 337 1871 1471 1955; baseline -0.004 -18"><span class='ocrx_word' id='word_1_98' title='bbox 337 1892 436 1955; x_wconf 85' lang='lat' dir='ltr'>genos</span> <span class='ocrx_word' id='word_1_99' title='bbox 464 1873 578 1938; x_wconf 88' lang='lat' dir='ltr'>trinos.</span> <span class='ocrx_word' id='word_1_100' title='bbox 635 1871 697 1948; x_wconf 79' lang='lat' dir='ltr'>Qui</span> <span class='ocrx_word' id='word_1_101' title='bbox 726 1891 878 1934; x_wconf 90' lang='lat' dir='ltr'>numerus</span> <span class='ocrx_word' id='word_1_102' title='bbox 908 1878 1110 1954; x_wconf 86' lang='lat' dir='ltr'>quantopere</span> <span class='ocrx_word' id='word_1_103' title='bbox 1139 1891 1208 1936; x_wconf 92' lang='lat' dir='ltr'>cum</span> <span class='ocrx_word' id='word_1_104' title='bbox 1240 1871 1471 1935; x_wconf 89' lang='lat' dir='ltr'>consuetudine</span> 
     </span>
     <span class='ocr_line' id='line_1_14' title="bbox 337 1972 1472 2055; baseline -0.002 -17"><span class='ocrx_word' id='word_1_105' title='bbox 337 1974 546 2039; x_wconf 89' lang='lat' dir='ltr'>librariorum</span> <span class='ocrx_word' id='word_1_106' title='bbox 560 1993 643 2038; x_wconf 84' lang='lat' dir='ltr'>saec.</span> <span class='ocrx_word' id='word_1_107' title='bbox 658 1972 838 2037; x_wconf 85' lang='lat' dir='ltr'>XII-XIII</span> <span class='ocrx_word' id='word_1_108' title='bbox 857 1975 1034 2051; x_wconf 86' lang='lat' dir='ltr'>conveniat,</span> <span class='ocrx_word' id='word_1_109' title='bbox 1050 1974 1175 2055; x_wconf 87' lang='lat' dir='ltr'>experti</span> <span class='ocrx_word' id='word_1_110' title='bbox 1188 1976 1303 2038; x_wconf 89' lang='lat' dir='ltr'>sciunt.</span> <span class='ocrx_word' id='word_1_111' title='bbox 1338 1973 1472 2038; x_wconf 85' lang='lat' dir='ltr'>Accedit</span> 
     </span>
     <span class='ocr_line' id='line_1_15' title="bbox 339 2074 1468 2160; baseline -0.003 -19"><span class='ocrx_word' id='word_1_112' title='bbox 339 2077 425 2160; x_wconf 91' lang='lat' dir='ltr'>quod</span> <span class='ocrx_word' id='word_1_113' title='bbox 439 2076 592 2141; x_wconf 88' lang='lat' dir='ltr'>Barthius</span> <span class='ocrx_word' id='word_1_114' title='bbox 606 2074 777 2140; x_wconf 88' lang='lat' dir='ltr'>coufirmat</span> <span class='ocrx_word' id='word_1_115' title='bbox 790 2075 919 2139; x_wconf 91' lang='lat' dir='ltr'>initium</span> <span class='ocrx_word' id='word_1_116' title='bbox 931 2076 1035 2157; x_wconf 88' lang='lat' dir='ltr'>ipsum</span> <span class='ocrx_word' id='word_1_117' title='bbox 1051 2075 1257 2140; x_wconf 90' lang='lat' dir='ltr'>membranae</span> <span class='ocrx_word' id='word_1_118' title='bbox 1276 2075 1415 2140; x_wconf 86' lang='lat' dir='ltr'>defuisse</span> <span class='ocrx_word' id='word_1_119' title='bbox 1434 2115 1468 2124; x_wconf 90' lang='lat'>--</span> 
     </span>
     <span class='ocr_line' id='line_1_16' title="bbox 339 2175 1469 2262; baseline -0.001 -20"><span class='ocrx_word' id='word_1_120' title='bbox 339 2177 569 2262; x_wconf 84' lang='lat' dir='ltr'>quodquidam</span> <span class='ocrx_word' id='word_1_121' title='bbox 588 2177 739 2241; x_wconf 90' lang='lat' dir='ltr'>damnum</span> <span class='ocrx_word' id='word_1_122' title='bbox 760 2176 958 2240; x_wconf 87' lang='lat' dir='ltr'>levissimum</span> <span class='ocrx_word' id='word_1_123' title='bbox 975 2175 1075 2240; x_wconf 89' lang='lat' dir='ltr'>fuisse</span> <span class='ocrx_word' id='word_1_124' title='bbox 1094 2175 1265 2240; x_wconf 90' lang='lat' dir='ltr'>verisimile</span> <span class='ocrx_word' id='word_1_125' title='bbox 1284 2180 1334 2239; x_wconf 92' lang='lat' dir='ltr'>est</span> <span class='ocrx_word' id='word_1_126' title='bbox 1350 2215 1394 2224; x_wconf 90' lang='lat'>-</span> <span class='ocrx_word' id='word_1_127' title='bbox 1411 2196 1469 2241; x_wconf 90' lang='lat' dir='ltr'>neo</span> 
     </span>
     <span class='ocr_line' id='line_1_17' title="bbox 338 2275 1469 2364; baseline -0.001 -20"><span class='ocrx_word' id='word_1_128' title='bbox 338 2281 507 2364; x_wconf 90' lang='lat' dir='ltr'>quicquam</span> <span class='ocrx_word' id='word_1_129' title='bbox 526 2280 664 2361; x_wconf 87' lang='lat' dir='ltr'>amplius</span> <span class='ocrx_word' id='word_1_130' title='bbox 679 2277 824 2342; x_wconf 88' lang='lat' dir='ltr'>extitisse</span> <span class='ocrx_word' id='word_1_131' title='bbox 838 2276 925 2341; x_wconf 91' lang='lat' dir='ltr'>tituli</span> <span class='ocrx_word' id='word_1_132' title='bbox 938 2278 1002 2341; x_wconf 90' lang='lat' dir='ltr'>nisi</span> <span class='ocrx_word' id='word_1_133' title='bbox 1015 2275 1205 2340; x_wconf 86' lang='lat' dir='ltr'>vocabulum</span> <span class='ocrx_word' id='word_1_134' title='bbox 1222 2277 1364 2357; x_wconf 86' lang='lat' dir='ltr'>Patricii,</span> <span class='ocrx_word' id='word_1_135' title='bbox 1383 2280 1469 2363; x_wconf 91' lang='lat' dir='ltr'>quod</span> 
     </span>
     <span class='ocr_line' id='line_1_18' title="bbox 338 2377 1468 2462; baseline -0.001 -17"><span class='ocrx_word' id='word_1_136' title='bbox 338 2387 503 2445; x_wconf 86' lang='lat' dir='ltr'>auctorem</span> <span class='ocrx_word' id='word_1_137' title='bbox 530 2379 683 2444; x_wconf 86' lang='lat' dir='ltr'>carminis</span> <span class='ocrx_word' id='word_1_138' title='bbox 710 2377 893 2460; x_wconf 86' lang='lat' dir='ltr'>significare</span> <span class='ocrx_word' id='word_1_139' title='bbox 914 2379 1082 2461; x_wconf 88' lang='lat' dir='ltr'>opinatur;</span> <span class='ocrx_word' id='word_1_140' title='bbox 1108 2379 1196 2461; x_wconf 89' lang='lat' dir='ltr'>quod</span> <span class='ocrx_word' id='word_1_141' title='bbox 1216 2379 1349 2462; x_wconf 89' lang='lat' dir='ltr'>insuper</span> <span class='ocrx_word' id='word_1_142' title='bbox 1370 2381 1468 2446; x_wconf 89' lang='lat' dir='ltr'>etiam</span> 
     </span>
     <span class='ocr_line' id='line_1_19' title="bbox 338 2479 1468 2564; baseline -0.001 -16"><span class='ocrx_word' id='word_1_143' title='bbox 338 2483 495 2548; x_wconf 89' lang='lat' dir='ltr'>Patriti</span> <span class='ocrx_word' id='word_1_144' title='bbox 516 2480 660 2564; x_wconf 84' lang='lat' dir='ltr'>intellegi</span> <span class='ocrx_word' id='word_1_145' title='bbox 683 2483 826 2563; x_wconf 87' lang='lat' dir='ltr'>potuisse</span> <span class='ocrx_word' id='word_1_146' title='bbox 849 2479 974 2544; x_wconf 92' lang='lat' dir='ltr'>scilicet</span> <span class='ocrx_word' id='word_1_147' title='bbox 996 2484 1130 2563; x_wconf 91' lang='lat' dir='ltr'>propter</span> <span class='ocrx_word' id='word_1_148' title='bbox 1147 2480 1332 2546; x_wconf 90' lang='lat' dir='ltr'>litterarum</span> <span class='ocrx_word' id='word_1_149' title='bbox 1355 2483 1468 2548; x_wconf 91' lang='lat' dir='ltr'>obscu-</span> 
     </span>
     <span class='ocr_line' id='line_1_20' title="bbox 337 2581 1467 2666; baseline -0.002 -16"><span class='ocrx_word' id='word_1_150' title='bbox 337 2587 478 2650; x_wconf 85' lang='lat' dir='ltr'>ritatem.</span> <span class='ocrx_word' id='word_1_151' title='bbox 522 2584 637 2665; x_wconf 88' lang='lat' dir='ltr'>ltaque</span> <span class='ocrx_word' id='word_1_152' title='bbox 659 2581 776 2647; x_wconf 89' lang='lat' dir='ltr'>habuit</span> <span class='ocrx_word' id='word_1_153' title='bbox 798 2601 927 2647; x_wconf 89' lang='lat' dir='ltr'>carmen</span> <span class='ocrx_word' id='word_1_154' title='bbox 950 2581 1097 2646; x_wconf 89' lang='lat' dir='ltr'>titulum:</span> <span class='ocrx_word' id='word_1_155' title='bbox 1128 2588 1225 2665; x_wconf 86' lang='lat' dir='ltr'>atque</span> <span class='ocrx_word' id='word_1_156' title='bbox 1245 2603 1319 2647; x_wconf 88' lang='lat' dir='ltr'>mea</span> <span class='ocrx_word' id='word_1_157' title='bbox 1341 2584 1467 2666; x_wconf 91' lang='lat' dir='ltr'>quidem</span> 
     </span>
     <span class='ocr_line' id='line_1_21' title="bbox 338 2681 1468 2769; baseline 0 -19"><span class='ocrx_word' id='word_1_158' title='bbox 338 2685 488 2769; x_wconf 89' lang='lat' dir='ltr'>opinione</span> <span class='ocrx_word' id='word_1_159' title='bbox 510 2684 538 2748; x_wconf 91' lang='lat' dir='ltr'>is</span> <span class='ocrx_word' id='word_1_160' title='bbox 561 2683 677 2748; x_wconf 91' lang='lat' dir='ltr'>saltem</span> <span class='ocrx_word' id='word_1_161' title='bbox 702 2681 802 2747; x_wconf 84' lang='lat' dir='ltr'>fuerit</span> <span class='ocrx_word' id='word_1_162' title='bbox 824 2703 954 2748; x_wconf 87' lang='lat' dir='ltr'>necesse</span> <span class='ocrx_word' id='word_1_163' title='bbox 981 2687 1045 2748; x_wconf 88' lang='lat' dir='ltr'>est:</span> <span class='ocrx_word' id='word_1_164' title='bbox 1075 2685 1235 2749; x_wconf 87' lang='lat' dir='ltr'>Patrici</span> <span class='ocrx_word' id='word_1_165' title='bbox 1258 2685 1468 2769; x_wconf 89' lang='lat' dir='ltr'>epithala-</span> 
     </span>
     <span class='ocr_line' id='line_1_22' title="bbox 337 2784 1469 2868; baseline 0 -17"><span class='ocrx_word' id='word_1_166' title='bbox 337 2789 464 2852; x_wconf 90' lang='lat' dir='ltr'>mium.</span> <span class='ocrx_word' id='word_1_167' title='bbox 509 2785 593 2849; x_wconf 88' lang='lat' dir='ltr'>Nam</span> <span class='ocrx_word' id='word_1_168' title='bbox 614 2784 782 2849; x_wconf 88' lang='lat' dir='ltr'>Barthium</span> <span class='ocrx_word' id='word_1_169' title='bbox 800 2785 834 2847; x_wconf 92' lang='lat' dir='ltr'>in</span> <span class='ocrx_word' id='word_1_170' title='bbox 855 2784 1000 2868; x_wconf 90' lang='lat' dir='ltr'>legendis</span> <span class='ocrx_word' id='word_1_171' title='bbox 1023 2785 1189 2850; x_wconf 89' lang='lat' dir='ltr'>codicibus</span> <span class='ocrx_word' id='word_1_172' title='bbox 1211 2788 1312 2851; x_wconf 86' lang='lat' dir='ltr'>videri</span> <span class='ocrx_word' id='word_1_173' title='bbox 1334 2807 1398 2852; x_wconf 90' lang='lat' dir='ltr'>non</span> <span class='ocrx_word' id='word_1_174' title='bbox 1417 2794 1469 2852; x_wconf 89' lang='lat' dir='ltr'>sat</span> 
     </span>
     <span class='ocr_line' id='line_1_23' title="bbox 337 2885 1467 2969; baseline 0 -17"><span class='ocrx_word' id='word_1_175' title='bbox 337 2887 552 2952; x_wconf 86' lang='lat' dir='ltr'>exercitatum</span> <span class='ocrx_word' id='word_1_176' title='bbox 580 2885 683 2950; x_wconf 86' lang='lat' dir='ltr'>fuisse</span> <span class='ocrx_word' id='word_1_177' title='bbox 712 2886 778 2950; x_wconf 92' lang='lat' dir='ltr'>iam</span> <span class='ocrx_word' id='word_1_178' title='bbox 800 2885 1017 2951; x_wconf 90' lang='lat' dir='ltr'>Baehrensius</span> <span class='ocrx_word' id='word_1_179' title='bbox 1039 2888 1058 2951; x_wconf 94' lang='lat' dir='ltr'>l.</span> <span class='ocrx_word' id='word_1_180' title='bbox 1081 2886 1101 2952; x_wconf 95' lang='lat' dir='ltr'>l.</span> <span class='ocrx_word' id='word_1_181' title='bbox 1126 2907 1156 2969; x_wconf 90' lang='lat' dir='ltr'>p.</span> <span class='ocrx_word' id='word_1_182' title='bbox 1181 2893 1242 2952; x_wconf 80' lang='lat'>408</span> <span class='ocrx_word' id='word_1_183' title='bbox 1271 2893 1361 2954; x_wconf 90' lang='lat' dir='ltr'>recte</span> <span class='ocrx_word' id='word_1_184' title='bbox 1385 2889 1467 2953; x_wconf 88' lang='lat' dir='ltr'>iudi-</span> 
     </span>
     <span class='ocr_line' id='line_1_24' title="bbox 336 2987 1467 3075; baseline 0.001 -21"><span class='ocrx_word' id='word_1_185' title='bbox 336 2991 430 3056; x_wconf 82' lang='lat' dir='ltr'>carit.</span> <span class='ocrx_word' id='word_1_186' title='bbox 476 2987 614 3053; x_wconf 84' lang='lat' dir='ltr'>Nomina</span> <span class='ocrx_word' id='word_1_187' title='bbox 636 2991 745 3052; x_wconf 88' lang='lat' dir='ltr'>autem</span> <span class='ocrx_word' id='word_1_188' title='bbox 768 3006 975 3069; x_wconf 90' lang='lat' dir='ltr'>sponsorum,</span> <span class='ocrx_word' id='word_1_189' title='bbox 1008 2989 1151 3071; x_wconf 84' lang='lat' dir='ltr'>Auspicii</span> <span class='ocrx_word' id='word_1_190' title='bbox 1172 2995 1204 3052; x_wconf 89' lang='lat' dir='ltr'>et</span> <span class='ocrx_word' id='word_1_191' title='bbox 1227 2988 1353 3066; x_wconf 78' lang='lat' dir='ltr'>hellae,</span> <span class='ocrx_word' id='word_1_192' title='bbox 1385 3013 1467 3075; x_wconf 89' lang='lat' dir='ltr'>quae</span> 
     </span>
     <span class='ocr_line' id='line_1_25' title="bbox 337 3088 1467 3175; baseline 0.004 -22"><span class='ocrx_word' id='word_1_193' title='bbox 337 3095 508 3173; x_wconf 89' lang='lat' dir='ltr'>praeterea</span> <span class='ocrx_word' id='word_1_194' title='bbox 526 3094 685 3154; x_wconf 88' lang='lat' dir='ltr'>memorat</span> <span class='ocrx_word' id='word_1_195' title='bbox 701 3088 865 3168; x_wconf 84' lang='lat' dir='ltr'>Barthius,</span> <span class='ocrx_word' id='word_1_196' title='bbox 886 3096 923 3154; x_wconf 89' lang='lat' dir='ltr'>ut</span> <span class='ocrx_word' id='word_1_197' title='bbox 942 3091 1007 3154; x_wconf 89' lang='lat' dir='ltr'>iam</span> <span class='ocrx_word' id='word_1_198' title='bbox 1024 3089 1262 3156; x_wconf 88' lang='lat' dir='ltr'>Wernsdorfius</span> <span class='ocrx_word' id='word_1_199' title='bbox 1282 3090 1303 3158; x_wconf 94' lang='lat' dir='ltr'>l.</span> <span class='ocrx_word' id='word_1_200' title='bbox 1322 3091 1342 3158; x_wconf 93' lang='lat' dir='ltr'>l.</span> <span class='ocrx_word' id='word_1_201' title='bbox 1359 3115 1391 3175; x_wconf 90' lang='lat' dir='ltr'>p.</span> <span class='ocrx_word' id='word_1_202' title='bbox 1405 3094 1467 3157; x_wconf 83' lang='lat'>470</span> 
     </span>
     <span class='ocr_line' id='line_1_26' title="bbox 341 3189 1467 3276; baseline 0.002 -20"><span class='ocrx_word' id='word_1_203' title='bbox 341 3191 527 3274; x_wconf 85' lang='lat' dir='ltr'>suspicatus</span> <span class='ocrx_word' id='word_1_204' title='bbox 550 3193 616 3269; x_wconf 88' lang='lat' dir='ltr'>est,</span> <span class='ocrx_word' id='word_1_205' title='bbox 645 3210 711 3255; x_wconf 93' lang='lat' dir='ltr'>non</span> <span class='ocrx_word' id='word_1_206' title='bbox 739 3189 865 3254; x_wconf 86' lang='lat' dir='ltr'>videtur</span> <span class='ocrx_word' id='word_1_207' title='bbox 893 3191 926 3254; x_wconf 91' lang='lat' dir='ltr'>in</span> <span class='ocrx_word' id='word_1_208' title='bbox 957 3190 1064 3256; x_wconf 89' lang='lat' dir='ltr'>fronte</span> <span class='ocrx_word' id='word_1_209' title='bbox 1090 3193 1225 3257; x_wconf 87' lang='lat' dir='ltr'>schedae</span> <span class='ocrx_word' id='word_1_210' title='bbox 1249 3193 1381 3276; x_wconf 85' lang='lat' dir='ltr'>legisse,</span> <span class='ocrx_word' id='word_1_211' title='bbox 1412 3193 1467 3258; x_wconf 90' lang='lat' dir='ltr'>sed</span> 
     </span>
     <span class='ocr_line' id='line_1_27' title="bbox 337 3291 974 3375; baseline 0.002 -17"><span class='ocrx_word' id='word_1_212' title='bbox 337 3293 525 3375; x_wconf 85' lang='lat' dir='ltr'>cognovisse</span> <span class='ocrx_word' id='word_1_213' title='bbox 548 3311 681 3356; x_wconf 85' lang='lat' dir='ltr'>eversu</span> <span class='ocrx_word' id='word_1_214' title='bbox 703 3295 744 3356; x_wconf 89' lang='grc'>60</span> <span class='ocrx_word' id='word_1_215' title='bbox 767 3291 974 3374; x_wconf 86' lang='lat' dir='ltr'>epithalamii.</span> 
     </span>
    </p>

    <p class='ocr_par' dir='ltr' id='par_1_4' title="bbox 337 3393 1466 3785">
     <span class='ocr_line' id='line_1_28' title="bbox 423 3393 1465 3482; baseline 0.003 -23"><span class='ocrx_word' id='word_1_216' title='bbox 423 3394 533 3459; x_wconf 89' lang='lat' dir='ltr'>Habes</span> <span class='ocrx_word' id='word_1_217' title='bbox 552 3414 636 3476; x_wconf 87' lang='lat' dir='ltr'>quae</span> <span class='ocrx_word' id='word_1_218' title='bbox 654 3412 694 3457; x_wconf 88' lang='lat' dir='ltr'>ex</span> <span class='ocrx_word' id='word_1_219' title='bbox 711 3393 838 3458; x_wconf 89' lang='lat' dir='ltr'>Barthii</span> <span class='ocrx_word' id='word_1_220' title='bbox 854 3394 983 3458; x_wconf 90' lang='lat' dir='ltr'>indiciis</span> <span class='ocrx_word' id='word_1_221' title='bbox 1002 3393 1150 3460; x_wconf 91' lang='lat' dir='ltr'>concludi</span> <span class='ocrx_word' id='word_1_222' title='bbox 1162 3403 1311 3478; x_wconf 86' lang='lat' dir='ltr'>possunt.</span> <span class='ocrx_word' id='word_1_223' title='bbox 1356 3397 1465 3482; x_wconf 88' lang='lat' dir='ltr'>Neque</span> 
     </span>
     <span class='ocr_line' id='line_1_29' title="bbox 338 3495 1466 3584; baseline 0.003 -23"><span class='ocrx_word' id='word_1_224' title='bbox 338 3516 423 3576; x_wconf 89' lang='lat' dir='ltr'>vero,</span> <span class='ocrx_word' id='word_1_225' title='bbox 445 3496 527 3562; x_wconf 92' lang='lat' dir='ltr'>haec</span> <span class='ocrx_word' id='word_1_226' title='bbox 549 3496 655 3560; x_wconf 88' lang='lat' dir='ltr'>omnia</span> <span class='ocrx_word' id='word_1_227' title='bbox 677 3495 705 3561; x_wconf 90' lang='lat' dir='ltr'>si</span> <span class='ocrx_word' id='word_1_228' title='bbox 728 3500 888 3577; x_wconf 90' lang='lat' dir='ltr'>computo,</span> <span class='ocrx_word' id='word_1_229' title='bbox 919 3497 1066 3580; x_wconf 91' lang='lat' dir='ltr'>equidem</span> <span class='ocrx_word' id='word_1_230' title='bbox 1089 3497 1196 3563; x_wconf 88' lang='lat' dir='ltr'>facere</span> <span class='ocrx_word' id='word_1_231' title='bbox 1223 3520 1366 3582; x_wconf 86' lang='lat' dir='ltr'>possum,</span> <span class='ocrx_word' id='word_1_232' title='bbox 1391 3502 1466 3584; x_wconf 90' lang='lat' dir='ltr'>quin</span> 
     </span>
     <span class='ocr_line' id='line_1_30' title="bbox 338 3596 1466 3687; baseline 0.006 -25"><span class='ocrx_word' id='word_1_233' title='bbox 338 3596 447 3664; x_wconf 85' lang='lat' dir='ltr'>fatear</span> <span class='ocrx_word' id='word_1_234' title='bbox 469 3618 518 3678; x_wconf 90' lang='lat' dir='ltr'>ea,</span> <span class='ocrx_word' id='word_1_235' title='bbox 542 3617 624 3679; x_wconf 91' lang='lat' dir='ltr'>quae</span> <span class='ocrx_word' id='word_1_236' title='bbox 646 3597 803 3663; x_wconf 90' lang='lat' dir='ltr'>Barthius</span> <span class='ocrx_word' id='word_1_237' title='bbox 826 3597 880 3662; x_wconf 92' lang='lat' dir='ltr'>hic</span> <span class='ocrx_word' id='word_1_238' title='bbox 902 3601 1075 3675; x_wconf 81' lang='lat' dir='ltr'>enarravit,</span> <span class='ocrx_word' id='word_1_239' title='bbox 1105 3602 1243 3681; x_wconf 90' lang='lat' dir='ltr'>speciem</span> <span class='ocrx_word' id='word_1_240' title='bbox 1265 3604 1332 3667; x_wconf 86' lang='lat' dir='ltr'>veri</span> <span class='ocrx_word' id='word_1_241' title='bbox 1356 3604 1466 3687; x_wconf 88' lang='lat' dir='ltr'>utique</span> 
     </span>
     <span class='ocr_line' id='line_1_31' title="bbox 337 3697 1466 3785; baseline 0.005 -20"><span class='ocrx_word' id='word_1_242' title='bbox 337 3721 401 3765; x_wconf 93' lang='lat' dir='ltr'>non</span> <span class='ocrx_word' id='word_1_243' title='bbox 423 3699 611 3764; x_wconf 87' lang='lat' dir='ltr'>dissimilem</span> <span class='ocrx_word' id='word_1_244' title='bbox 639 3720 718 3782; x_wconf 91' lang='lat' dir='ltr'>prae</span> <span class='ocrx_word' id='word_1_245' title='bbox 747 3719 782 3764; x_wconf 89' lang='lat' dir='ltr'>se</span> <span class='ocrx_word' id='word_1_246' title='bbox 805 3697 899 3766; x_wconf 86' lang='lat' dir='ltr'>ferre.</span> <span class='ocrx_word' id='word_1_247' title='bbox 944 3702 991 3764; x_wconf 82' lang='lat' dir='ltr'>An</span> <span class='ocrx_word' id='word_1_248' title='bbox 1022 3705 1118 3784; x_wconf 88' lang='lat' dir='ltr'>putas</span> <span class='ocrx_word' id='word_1_249' title='bbox 1147 3701 1217 3766; x_wconf 91' lang='lat' dir='ltr'>fieri</span> <span class='ocrx_word' id='word_1_250' title='bbox 1244 3703 1402 3785; x_wconf 82' lang='lat' dir='ltr'>potuisse,</span> <span class='ocrx_word' id='word_1_251' title='bbox 1431 3711 1466 3771; x_wconf 89' lang='lat' dir='ltr'>ut</span> 
     </span>
    </p>
   </div>
   <div class='ocr_carea' id='block_1_3' title="bbox 336 3899 1464 4485">
    <p class='ocr_par' dir='ltr' id='par_1_5' title="bbox 336 3899 1464 4485">
     <span class='ocr_line' id='line_1_32' title="bbox 425 3899 1464 3975; baseline 0.008 -23"><span class='ocrx_word' id='word_1_252' title='bbox 425 3901 443 3970; x_wconf 87' lang='lat'>¹)</span> <span class='ocrx_word' id='word_1_253' title='bbox 470 3899 594 3953; x_wconf 84' lang='lat' dir='ltr'>Marcelli</span> <span class='ocrx_word' id='word_1_254' title='bbox 620 3900 655 3953; x_wconf 91' lang='lat' dir='ltr'>de</span> <span class='ocrx_word' id='word_1_255' title='bbox 679 3901 889 3954; x_wconf 86' lang='lat' dir='ltr'>medicamentis</span> <span class='ocrx_word' id='word_1_256' title='bbox 913 3902 985 3955; x_wconf 89' lang='lat' dir='ltr'>liber</span> <span class='ocrx_word' id='word_1_257' title='bbox 1012 3902 1055 3955; x_wconf 93' lang='lat' dir='ltr'>ed.</span> <span class='ocrx_word' id='word_1_258' title='bbox 1075 3902 1106 3956; x_wconf 86' lang='lat' dir='ltr'>G.</span> <span class='ocrx_word' id='word_1_259' title='bbox 1131 3905 1291 3960; x_wconf 91' lang='lat' dir='ltr'>Helmreich</span> <span class='ocrx_word' id='word_1_260' title='bbox 1313 3907 1387 3975; x_wconf 89' lang='lat' dir='ltr'>Lips.</span> <span class='ocrx_word' id='word_1_261' title='bbox 1414 3912 1464 3962; x_wconf 70' lang='grc' dir='ltr'>ο89.</span> 
     </span>
     <span class='ocr_line' id='line_1_33' title="bbox 338 3985 1464 4052; baseline 0.007 -12"><span class='ocrx_word' id='word_1_262' title='bbox 338 3987 467 4040; x_wconf 79' lang='lat' dir='ltr'>Ceterum</span> <span class='ocrx_word' id='word_1_263' title='bbox 484 3985 570 4037; x_wconf 89' lang='lat' dir='ltr'>miror</span> <span class='ocrx_word' id='word_1_264' title='bbox 587 4002 734 4052; x_wconf 89' lang='lat' dir='ltr'>perquam,</span> <span class='ocrx_word' id='word_1_265' title='bbox 759 3986 833 4052; x_wconf 87' lang='lat' dir='ltr'>quod</span> <span class='ocrx_word' id='word_1_266' title='bbox 850 3986 1009 4040; x_wconf 88' lang='lat' dir='ltr'>Helmreich</span> <span class='ocrx_word' id='word_1_267' title='bbox 1033 4005 1090 4040; x_wconf 91' lang='lat' dir='ltr'>non</span> <span class='ocrx_word' id='word_1_268' title='bbox 1115 3990 1202 4043; x_wconf 88' lang='lat' dir='ltr'>solum</span> <span class='ocrx_word' id='word_1_269' title='bbox 1226 3992 1279 4045; x_wconf 90' lang='lat' dir='ltr'>hoc</span> <span class='ocrx_word' id='word_1_270' title='bbox 1302 3995 1408 4046; x_wconf 85' lang='lat' dir='ltr'>Barthii</span> <span class='ocrx_word' id='word_1_271' title='bbox 1433 3995 1464 4048; x_wconf 91' lang='lat' dir='ltr'>de</span> 
     </span>
     <span class='ocr_line' id='line_1_34' title="bbox 337 4068 1464 4146; baseline 0.007 -22"><span class='ocrx_word' id='word_1_272' title='bbox 337 4070 462 4124; x_wconf 88' lang='lat' dir='ltr'>Marcelli</span> <span class='ocrx_word' id='word_1_273' title='bbox 480 4069 609 4122; x_wconf 75' lang='lat' dir='ltr'>comunis</span> <span class='ocrx_word' id='word_1_274' title='bbox 627 4068 719 4136; x_wconf 84' lang='lat' dir='ltr'>aliquo</span> <span class='ocrx_word' id='word_1_275' title='bbox 738 4071 832 4124; x_wconf 88' lang='lat' dir='ltr'>codice</span> <span class='ocrx_word' id='word_1_276' title='bbox 850 4071 983 4124; x_wconf 87' lang='lat' dir='ltr'>indicium</span> <span class='ocrx_word' id='word_1_277' title='bbox 997 4073 1109 4126; x_wconf 90' lang='lat' dir='ltr'>omnino</span> <span class='ocrx_word' id='word_1_278' title='bbox 1124 4075 1234 4128; x_wconf 89' lang='lat' dir='ltr'>silentio</span> <span class='ocrx_word' id='word_1_279' title='bbox 1248 4078 1399 4146; x_wconf 89' lang='lat' dir='ltr'>praeteriit,</span> <span class='ocrx_word' id='word_1_280' title='bbox 1418 4081 1464 4132; x_wconf 90' lang='lat' dir='ltr'>sed</span> 
     </span>
     <span class='ocr_line' id='line_1_35' title="bbox 338 4153 1462 4232; baseline 0.008 -24"><span class='ocrx_word' id='word_1_281' title='bbox 338 4157 421 4208; x_wconf 87' lang='lat' dir='ltr'>etiam</span> <span class='ocrx_word' id='word_1_282' title='bbox 438 4154 527 4206; x_wconf 83' lang='lat' dir='ltr'>varias</span> <span class='ocrx_word' id='word_1_283' title='bbox 545 4153 606 4218; x_wconf 80' lang='lat' dir='ltr'>illas</span> <span class='ocrx_word' id='word_1_284' title='bbox 625 4154 758 4209; x_wconf 84' lang='lat' dir='ltr'>lectiones</span> <span class='ocrx_word' id='word_1_285' title='bbox 777 4173 892 4210; x_wconf 87' lang='lat' dir='ltr'>numero</span> <span class='ocrx_word' id='word_1_286' title='bbox 910 4174 967 4210; x_wconf 91' lang='lat' dir='ltr'>non</span> <span class='ocrx_word' id='word_1_287' title='bbox 985 4174 1085 4225; x_wconf 88' lang='lat' dir='ltr'>paucas</span> <span class='ocrx_word' id='word_1_288' title='bbox 1103 4176 1215 4226; x_wconf 90' lang='lat' dir='ltr'>prorsus</span> <span class='ocrx_word' id='word_1_289' title='bbox 1233 4162 1372 4230; x_wconf 83' lang='lat' dir='ltr'>neglexit,</span> <span class='ocrx_word' id='word_1_290' title='bbox 1399 4183 1462 4232; x_wconf 88' lang='lat' dir='ltr'>quas</span> 
     </span>
     <span class='ocr_line' id='line_1_36' title="bbox 336 4239 1462 4309; baseline 0.01 -17"><span class='ocrx_word' id='word_1_291' title='bbox 336 4240 464 4293; x_wconf 88' lang='lat' dir='ltr'>Barthius</span> <span class='ocrx_word' id='word_1_292' title='bbox 487 4239 717 4292; x_wconf 84' lang='lat' dir='ltr'>Adversariorum</span> <span class='ocrx_word' id='word_1_293' title='bbox 742 4240 789 4293; x_wconf 92' lang='lat' dir='ltr'>lib.</span> <span class='ocrx_word' id='word_1_294' title='bbox 810 4242 833 4294; x_wconf 90' lang='lat' dir='ltr'>L</span> <span class='ocrx_word' id='word_1_295' title='bbox 858 4258 917 4309; x_wconf 88' lang='lat' dir='ltr'>cap.</span> <span class='ocrx_word' id='word_1_296' title='bbox 938 4242 975 4294; x_wconf 89' lang='lat' dir='ltr'>VI</span> <span class='ocrx_word' id='word_1_297' title='bbox 998 4242 1123 4296; x_wconf 88' lang='lat' dir='ltr'>Marcelli</span> <span class='ocrx_word' id='word_1_298' title='bbox 1146 4262 1241 4298; x_wconf 86' lang='lat' dir='ltr'>versus</span> <span class='ocrx_word' id='word_1_299' title='bbox 1268 4246 1409 4301; x_wconf 86' lang='lat' dir='ltr'>illustrans</span> <span class='ocrx_word' id='word_1_300' title='bbox 1432 4267 1462 4302; x_wconf 83' lang='lat' dir='ltr'>ex</span> 
     </span>
     <span class='ocr_line' id='line_1_37' title="bbox 336 4323 1462 4393; baseline 0.008 -16"><span class='ocrx_word' id='word_1_301' title='bbox 336 4329 431 4378; x_wconf 88' lang='lat' dir='ltr'>vetere</span> <span class='ocrx_word' id='word_1_302' title='bbox 456 4323 551 4378; x_wconf 88' lang='lat' dir='ltr'>codice</span> <span class='ocrx_word' id='word_1_303' title='bbox 576 4324 688 4377; x_wconf 85' lang='lat' dir='ltr'>haustas</span> <span class='ocrx_word' id='word_1_304' title='bbox 706 4325 746 4378; x_wconf 86' lang='lat' dir='ltr'>ita</span> <span class='ocrx_word' id='word_1_305' title='bbox 763 4326 888 4393; x_wconf 88' lang='lat' dir='ltr'>protulit,</span> <span class='ocrx_word' id='word_1_306' title='bbox 910 4329 942 4378; x_wconf 87' lang='lat' dir='ltr'>ut</span> <span class='ocrx_word' id='word_1_307' title='bbox 960 4327 1089 4379; x_wconf 84' lang='lat' dir='ltr'>carminis</span> <span class='ocrx_word' id='word_1_308' title='bbox 1108 4333 1249 4382; x_wconf 89' lang='lat' dir='ltr'>auctorem</span> <span class='ocrx_word' id='word_1_309' title='bbox 1271 4331 1462 4386; x_wconf 80' lang='lat' dir='ltr'>vindicianum</span> 
     </span>
     <span class='ocr_line' id='line_1_38' title="bbox 337 4409 1460 4485; baseline 0.009 -20"><span class='ocrx_word' id='word_1_310' title='bbox 337 4409 483 4481; x_wconf 84' lang='lat' dir='ltr'>acciperet.</span> <span class='ocrx_word' id='word_1_311' title='bbox 512 4409 599 4479; x_wconf 79' lang='lat' dir='ltr'>Quem</span> <span class='ocrx_word' id='word_1_312' title='bbox 612 4410 642 4462; x_wconf 90' lang='lat' dir='ltr'>in</span> <span class='ocrx_word' id='word_1_313' title='bbox 659 4427 719 4464; x_wconf 89' lang='lat' dir='ltr'>rem</span> <span class='ocrx_word' id='word_1_314' title='bbox 738 4411 897 4485; x_wconf 86' lang='lat' dir='ltr'>diligentius</span> <span class='ocrx_word' id='word_1_315' title='bbox 911 4412 1051 4482; x_wconf 89' lang='lat' dir='ltr'>inquirere</span> <span class='ocrx_word' id='word_1_316' title='bbox 1065 4414 1117 4469; x_wconf 87' lang='lat' dir='ltr'>hoo</span> <span class='ocrx_word' id='word_1_317' title='bbox 1131 4414 1191 4470; x_wconf 88' lang='lat' dir='ltr'>loco</span> <span class='ocrx_word' id='word_1_318' title='bbox 1205 4421 1331 4472; x_wconf 84' lang='lat' dir='ltr'>nostrum</span> <span class='ocrx_word' id='word_1_319' title='bbox 1344 4437 1401 4472; x_wconf 91' lang='lat' dir='ltr'>non</span> <span class='ocrx_word' id='word_1_320' title='bbox 1415 4425 1460 4475; x_wconf 82' lang='lat' dir='ltr'>est.</span> 
     </span>
    </p>
   </div>
   <div class='ocr_carea' id='block_1_4' title="bbox 0 0 1628 5296">
    <p class='ocr_par' dir='ltr' id='par_1_6' title="bbox 0 0 1628 5296">
     <span class='ocr_line' id='line_1_39' title="bbox 0 0 1628 5296; baseline 0 0"><span class='ocrx_word' id='word_1_321' title='bbox 0 0 1628 5296; x_wconf 95' lang='lat' dir='ltr'> </span> 
     </span>
    </p>
   </div>
  </div>
 </body>
</html>
