3246 5296
656 561 809 658 *qs-

255 751 398 830 Quorum
425 749 569 816 locorum
596 747 631 814 in
651 748 762 816 multis
784 747 846 814 hoc
868 751 955 815 certe
976 745 1211 833 respiciendum
1233 751 1292 828 est,

168 853 256 938 quod
289 854 427 924 maxime
461 853 676 920 imitationem
711 849 895 933 confirmat,
930 851 1058 935 singula
1087 851 1187 918 verba
1217 870 1292 916 con-

168 957 319 1040 gruentia
335 958 428 1043 pari
449 978 591 1024 versus
613 956 710 1022 sede
732 955 841 1039 posita
863 975 1029 1041 apparere.
1072 955 1184 1038 Neque
1208 955 1291 1020 enim

167 1061 281 1144 negari
308 1064 416 1144 potest
448 1059 531 1127 talia
554 1060 758 1143 potissimum
785 1057 966 1126 hexametri
993 1058 1172 1143 peculiaria
1198 1055 1292 1123 initia

166 1162 217 1230 vel
239 1163 344 1230 exitus
366 1164 464 1230 sicut:
489 1161 643 1229 Protinus
663 1168 700 1229 nt
721 1162 877 1246 liqnidnn
895 1169 932 1242 (v.
954 1166 1005 1242 31)
1024 1161 1073 1228 vel
1087 1210 1095 1226 .
1110 1209 1118 1225 .
1132 1211 1139 1226 .
1153 1162 1291 1226 inmune

165 1271 329 1348 tropaeum
350 1273 389 1347 (v.
410 1271 463 1346 79)
487 1265 613 1332 facilius
634 1264 809 1350 legentium
831 1267 865 1331 in
886 1266 1041 1332 memoria
1062 1263 1215 1343 haerere,
1244 1262 1293 1328 ita

165 1374 204 1436 ut
222 1390 261 1437 ea
281 1391 321 1436 ne
343 1368 386 1437 ab
408 1369 589 1437 imitatione
611 1369 740 1454 quidem
761 1368 863 1436 multo
885 1367 1005 1436 absint.

250 1505 416 1573 Hactenus
445 1506 526 1573 haec
555 1507 682 1590 quidem
712 1506 751 1572 de
779 1505 974 1586 Claudiano,
1009 1507 1101 1572 cuius
1130 1505 1292 1588 exemplar

164 1614 276 1676 nostro
293 1615 410 1695 poetae
428 1615 504 1677 ante
523 1612 632 1677 oculos
650 1615 812 1676 versatum
830 1630 901 1676 esse
920 1611 1000 1684 satis
1018 1609 1152 1676 evicisse
1170 1607 1290 1674 videor.

252 1747 368 1814 Verum
402 1753 532 1832 praeter
563 1746 796 1814 Claudianeam
825 1741 1041 1816 imitationem
1073 1749 1108 1814 in
1140 1745 1290 1814 carminis

162 1853 315 1918 naturam
333 1852 600 1937 condicionesque
617 1853 799 1918 accuratius
817 1853 909 1919 nobis
925 1851 1163 1936 inquirentibus
1178 1850 1292 1916 obviae
1425 1913 1428 1920 ,

164 1959 242 2020 sunt
271 1954 413 2040 insigues
445 1976 516 2020 cum
544 1955 751 2026 urooontio
784 1954 1010 2022 similitudines
1042 1975 1161 2038 eaeque
1189 1954 1222 2018 in
1251 1972 1291 2017 ea

162 2057 302 2124 maxime
319 2060 420 2126 nostri
438 2058 589 2124 carminis
610 2064 714 2144 parte,
736 2080 802 2146 qua
822 2065 1027 2126 monstruosa
1047 2060 1106 2126 illa
1121 2056 1240 2124 fabulis
1258 2060 1291 2122 et

163 2161 297 2228 deorum
327 2161 523 2245 dearumque
554 2162 746 2248 imaginibus
779 2167 945 2230 exstructa
974 2163 1062 2230 fictio
1093 2163 1289 2228 continetur.

162 2262 300 2330 Easdem
320 2265 477 2358 imagines
499 2264 611 2331 eadem
633 2265 794 2350 positione
817 2265 993 2351 eodemque
1009 2265 1136 2333 delectu
1152 2267 1187 2330 in
1204 2264 1289 2330 Dra-

163 2365 263 2432 contii
290 2367 515 2452 epithalamio,
545 2368 632 2454 quod
659 2369 775 2453 incipit
796 2368 903 2435 verbis
927 2368 1239 2454 Eprepiin'ncenes1)
1270 2388 1290 2433 a

161 2476 261 2554 poeta
289 2471 398 2539 induci
428 2473 581 2539 videmus.
635 2473 689 2540 Sic
719 2472 805 2539 inter
835 2472 969 2538 Veneris
1000 2471 1134 2554 comites
1164 2473 1289 2554 pariter

164 2579 263 2658 atque
285 2575 371 2660 apud
389 2576 563 2643 Patricium
586 2583 724 2661 apparet
741 2578 849 2644 Amor.
884 2577 973 2643 Dicit
989 2577 1183 2642 Dracontius
1201 2597 1228 2640 v.
1248 2579 1288 2642 57

162 2677 183 2742 l.
215 2698 257 2743 a:
297 2680 380 2744 venit
418 2680 553 2764 aliper
580 2679 645 2757 ‘ille
776 2679 976 2763 Impubes,
1015 2680 1175 2746 Patricius
1216 2696 1289 2743 ecce
1342 2687 1344 2690 ’

161 2778 262 2847 habet
284 2788 322 2861 (v.
347 2787 414 2862 24):
437 2783 551 2866 Altqer
643 2803 737 2866 puer.
778 2781 901 2851 Deinde
924 2781 1010 2864 apud
1031 2786 1202 2865 utrumque
1222 2801 1289 2847 una

162 2904 234 2950 cum
264 2884 379 2951 Gratia
410 2885 516 2951 rarior
551 2885 613 2952 dea
641 2885 799 2971 Voluptas
827 2886 861 2952 in
888 2885 1028 2952 medium
1055 2883 1220 2970 profertur
1246 2884 1289 2950 cf.

161 2989 257 3054 Drac.
280 3011 308 3055 v.
332 2991 370 3053 61
395 3010 443 3073 sq.
467 2992 500 3054 et
521 2989 611 3056 Patr.
633 3012 660 3055 v.
687 2995 726 3056 14
748 3012 796 3075 sq.

246 3126 358 3210 Neque
380 3129 509 3192 ceterae
528 3127 658 3211 quidem
674 3126 806 3194 fabulae
823 3148 992 3212 personae,
1016 3149 1098 3212 quas
1119 3131 1289 3212 praeterea
1420 3169 1422 3176 ι

160 3228 206 3295 ibi
229 3228 425 3296 Dracontius
448 3229 559 3312 affert,
587 3236 701 3297 nostro
723 3231 933 3316 epithalamio
956 3232 1080 3298 desunt.
1130 3230 1174 3296 Et
1193 3231 1288 3299 Fides

161 3332 222 3398 sub
250 3333 346 3399 finem
367 3336 470 3400 nostri
493 3355 620 3420 quoque
643 3335 795 3402 carminis
817 3336 908 3402 adest
929 3340 970 3420 (v.
992 3341 1060 3417 89),
1090 3335 1224 3402 Amores
1247 3335 1289 3401 ad

159 3438 287 3503 moenia
315 3438 435 3504 Romae
463 3436 623 3524 dirigens,
655 3439 788 3523 etipsa
817 3460 946 3524 quoque
974 3439 1160 3506 Petulantia
1188 3461 1216 3507 v.
1246 3441 1288 3504 48

160 3543 230 3606 toto
260 3545 354 3607 coetu
381 3538 519 3607 fremere
548 3541 675 3610 dicitur.
716 3541 788 3607 Huc
816 3543 943 3610 accedit
965 3542 1063 3625 aliud,
1087 3542 1174 3626 quod
1195 3542 1288 3610 uobis

159 3643 354 3727 persuadere
369 3642 504 3726 videtur,
522 3650 559 3710 ut
575 3646 661 3711 inter
678 3650 850 3732 utrumque
867 3652 998 3733 poetam
1016 3668 1170 3714 conexum
1188 3667 1287 3729 quen-

159 3746 235 3813 dam
255 3767 478 3832 agnoscamus.
498 3748 579 3814 Nam
597 3756 734 3834 uterque
749 3756 847 3833 poeta
858 3753 891 3817 in
905 3751 956 3818 his
972 3751 1143 3818 comitibus
1159 3770 1287 3818 enume-

158 3850 270 3916 randis
300 3850 341 3916 de
369 3851 554 3918 fescennino
578 3851 717 3936 quodam
746 3860 844 3920 cantu
871 3854 970 3923 verba
997 3855 1084 3922 facit.
1124 3854 1287 3922 Patricius

159 3976 186 4020 v.
203 3958 259 4018 21:
280 3953 373 4021 Siren
385 3955 527 4021 iterabile
542 3976 668 4021 carmen
681 3957 725 4023 od
738 3978 839 4025 onnes
848 3959 940 4026 dnett.
963 3956 1066 4044 ¹Apud
1076 3956 1286 4026 Dracontium

158 4077 187 4122 v.
203 4060 326 4121 69-71
345 4054 415 4122 Pan
428 4061 461 4121 et
473 4055 619 4125 Bacchae
633 4060 828 4143 fescenninos
843 4063 990 4147 fremitus
1007 4059 1137 4128 faciunt.
1169 4060 1286 4128 Statim

159 4160 319 4242 sequitur,
347 4159 381 4226 id
406 4159 493 4244 quod
521 4165 608 4228 certe
635 4164 751 4230 mirum
780 4166 814 4231 in
843 4165 974 4236 modum
1004 4165 1167 4250 congruit,
1199 4165 1287 4249 apud

158 4267 331 4348 utrumque
352 4267 482 4347 poetam
503 4266 629 4349 pariter
648 4267 783 4335 Veneris
804 4268 1002 4337 introductio
1024 4272 1059 4335 et
1080 4268 1128 4334 ita
1149 4268 1286 4352 quidem,

248 4487 266 4558 ¹)
284 4486 433 4556 Baehrens,
450 4486 480 4540 P.
498 4488 529 4542 L.
548 4489 585 4543 M.
604 4489 629 4544 V
646 4507 673 4560 p.
693 4491 749 4548 150.
