3246 5296
761 510 779 570 7

691 595 845 603 ...ι-

198 691 256 755 ille
280 711 338 756 suo
362 689 444 756 fetui
467 693 565 755 etiam
587 690 668 756 illud
692 690 835 772 adderet,
867 680 962 774 quod'
981 692 1042 757 sub
1063 692 1159 757 finem
1182 692 1333 757 carminis

198 793 345 875 legimus:
363 797 524 859 Hactenns
533 795 664 858 schedae
674 799 799 874 veteres,
814 795 936 877 qnihns,
944 797 1072 878 popina
1084 816 1152 860 nna
1163 797 1333 874 interioris,

198 897 309 960 insnnt
339 897 407 960 alia
438 896 600 976 deinceps,
633 897 762 960 minine
790 897 833 960 od
860 896 943 961 lanc
973 896 1156 978 Apollinem
1181 897 1333 978 facientia

194 999 304 1078 potins
327 997 370 1062 ool
394 997 546 1061 Marcelli
567 997 659 1062 illnon
680 997 746 1061 -2

285 1099 385 1163 Immo
408 1104 495 1162 certe
517 1119 581 1162 non
604 1099 696 1180 parvi
718 1098 869 1181 ponderis
892 1099 926 1164 id
948 1101 1053 1182 ipsum
1076 1104 1137 1179 est,
1166 1099 1252 1183 quod
1275 1098 1333 1171 illa

198 1200 279 1279 alia,
311 1221 395 1284 quae
424 1199 513 1265 soliis
542 1200 686 1278 inerant,
719 1202 762 1266 ad
793 1201 945 1266 Marcelli
974 1202 1155 1284 Apollinem
1180 1203 1333 1283 facientia

198 1302 297 1366 inisse
319 1304 446 1366 scimus.
498 1303 582 1366 Nam
604 1301 644 1366 de
666 1301 813 1384 Marcelli
836 1303 987 1368 carminis
1010 1302 1073 1368 fide
1104 1322 1196 1367 nemo
1227 1303 1332 1367 adhuc

198 1403 349 1469 dubitare
373 1425 473 1469 ausus
496 1411 546 1469 est
568 1424 672 1486 neque
696 1405 779 1487 quin
798 1405 942 1486 quinto
967 1403 1138 1470 saeculo
1161 1405 1331 1472 Marcellus

197 1505 325 1570 vixerit.
376 1507 492 1589 Itaque
519 1505 574 1571 vix
602 1510 654 1570 est
683 1506 861 1587 putandum
889 1527 1025 1589 prorsus
1058 1512 1178 1571 temere
1201 1527 1240 1571 ac
1262 1507 1330 1572 solo

198 1627 276 1672 casu
307 1610 467 1687 evenisse,
506 1612 543 1671 ut
572 1606 828 1690 epithalamium,
865 1609 951 1692 quod
987 1614 1020 1673 et
1049 1610 1154 1690 ipsum
1185 1609 1331 1692 quinto

198 1709 363 1774 saeculo
395 1730 465 1774 cum
490 1710 597 1794 specie
619 1712 685 1774 veri
707 1710 808 1774 tribui
829 1730 925 1796 posse
946 1709 1036 1775 infra
1057 1711 1244 1790 videbimus,
1267 1733 1332 1777 una

197 1833 268 1876 cum
292 1813 421 1894 aequali
444 1815 585 1877 carmine
608 1812 755 1878 Marcelli
775 1814 971 1880 traderetur.

282 1915 392 1996 Atqui,
423 1921 460 1980 ut
483 1935 581 1997 saepe
603 1913 640 1979 fit
663 1915 698 1978 in
720 1915 841 1980 talibus
865 1915 1119 1998 quaestionibus,
1151 1919 1331 1998 quaesunt

197 2015 237 2080 de
260 2016 538 2082 verisimilitudine
560 2018 608 2081 rei
631 2017 753 2082 maiore
775 2018 908 2097 minore,
931 2017 1094 2081 interdum
1112 2038 1164 2082 res
1182 2017 1331 2096 occurrit,

198 2139 262 2200 qua
279 2119 384 2201 primo
403 2119 522 2184 obtutu
540 2120 759 2184 dubitationes
777 2121 906 2184 incitari
924 2120 1105 2184 videantur.
1142 2119 1235 2196 Quod
1252 2119 1331 2183 mihi

199 2219 333 2300 accidit,
368 2241 438 2284 eum
475 2218 563 2285 felici
593 2241 672 2285 casu
701 2220 829 2284 Barthii
859 2220 1190 2303 Soliloquiorum
1218 2241 1298 2303 opus
1308 2222 1330 2303 ¹)

195 2322 229 2385 in
251 2344 364 2387 manus
387 2343 476 2387 meas
499 2323 649 2401 venisset,
679 2323 730 2386 cui
752 2324 862 2388 insunt
883 2343 948 2387 non
969 2343 1076 2406 panca
1098 2323 1234 2387 editoris
1255 2343 1329 2406 pro-

194 2425 268 2506 pria
291 2425 446 2489 carmina.
498 2425 614 2488 Statim
644 2424 687 2490 ad
709 2425 791 2490 haec
812 2425 1010 2509 perlegenda
1031 2426 1329 2508 perscrutandaque
1451 2455 1454 2462 ⁴

195 2526 325 2590 accessi.
376 2525 456 2590 Tum
484 2523 633 2608 profecto
667 2529 748 2591 satis
777 2529 926 2609 cognovi,
963 2527 1049 2611 qnod
1078 2525 1231 2591 Barthius
1259 2528 1328 2608 ipse

196 2628 325 2710 saepius
357 2627 396 2692 de
426 2648 460 2692 se
490 2627 656 2692 contendit
687 2628 740 2710 (cf.
769 2628 902 2693 Advers.
931 2628 951 2695 l.
982 2629 1058 2692 XIV
1085 2630 1154 2710 15),
1191 2647 1255 2710 qua
1278 2628 1327 2690 in-

196 2729 341 2794 credibili
372 2728 575 2794 versificandi
611 2727 767 2794 facultate
799 2728 908 2794 fuerit.
961 2730 1043 2806 Quin
1074 2730 1171 2792 etiam
1204 2750 1328 2794 mecum

195 2831 335 2912 cogitavi
356 2836 448 2896 tanto
472 2829 614 2895 fortasse
636 2832 764 2914 ingenio
787 2837 943 2914 tantaque
964 2833 998 2894 in
1015 2830 1135 2894 litteris
1153 2831 1328 2912 praecipue

194 2932 348 2996 Romanis
379 2932 595 3014 intelligentia
629 2940 661 2996 et
691 2931 848 3012 singulari
877 2931 984 2996 studio
1012 2931 1196 3013 praeditum
1224 2930 1327 2996 fuisse
1379 2991 1383 3002 ,

194 3034 380 3110 Barthium,
412 3040 449 3098 ut
467 3039 592 3098 veteres
610 3039 725 3116 poetas
748 3053 882 3116 prorsus
906 3034 1070 3116 eleganter
1093 3053 1133 3096 ac
1154 3033 1214 3096 tali
1231 3033 1326 3098 modo

193 3137 385 3211 imitaretur,
414 3143 450 3199 ut
478 3133 628 3199 fraudem
645 3136 827 3217 perspicere
849 3133 946 3198 hodie
968 3135 1021 3198 vix
1042 3154 1218 3217 possemus.
1265 3137 1325 3199 Ne·

195 3258 257 3320 que
278 3237 340 3302 hac
358 3259 422 3301 una
437 3259 473 3302 re
492 3237 644 3319 obstipui,
668 3238 806 3302 accessit
825 3234 911 3318 quod
934 3256 1109 3320 parumper
1128 3237 1253 3300 maiora
1271 3257 1326 3300 ne-

194 3341 325 3422 glegens
354 3340 530 3403 minoribus
558 3340 653 3401 nimis
683 3338 830 3402 tribuens
855 3337 981 3402 dicendi
1009 3339 1144 3402 rationis
1168 3337 1326 3420 quasdam

194 3441 423 3506 similitudines
446 3439 591 3523 quamvis
614 3460 735 3523 paucas
757 3441 843 3504 inter
865 3440 998 3504 Patricii
1027 3438 1270 3522 epithalamium
1292 3445 1325 3504 et

192 3542 361 3606 Barthium
374 3544 546 3607 observare
555 3542 633 3606 mihi
648 3540 790 3606 videbar.
825 3541 916 3618 Quod
926 3543 1106 3623 primorem
1120 3542 1153 3604 in
1169 3541 1324 3623 suspicio·

193 3664 266 3708 nem
296 3645 428 3709 vocavit.
478 3644 560 3707 Nam
591 3644 690 3708 semel
719 3646 818 3724 atque
846 3643 964 3712 iterum
992 3643 1026 3706 id
1056 3642 1231 3707 cavendum
1254 3662 1324 3706 esse

192 3747 262 3828 ipse
288 3766 412 3810 mecum
436 3745 634 3828 cogitabam,
663 3764 703 3808 ne
730 3741 833 3808 solum
856 3744 1053 3809 desiderium
1074 3749 1179 3809 tetam
1201 3743 1324 3826 cogita-

193 3852 313 3914 tionem
334 3853 471 3930 pareret.

280 3953 430 4013 Attamen
453 3953 587 4031 propter
610 3949 712 4012 multa
735 3952 833 4028 atque
858 3947 953 4024 talia,
984 3966 1066 4027 quae
1088 3944 1324 4011 dubitationem

193 4072 259 4115 non
282 4051 467 4129 admittant,
490 4055 680 4130 argumenta
701 4054 833 4114 coactus
856 4069 925 4112 sum
948 4050 982 4111 in
1005 4069 1045 4112 ea
1067 4049 1229 4113 sententia
1249 4067 1323 4128 per-

193 4172 340 4218 severare
369 4150 506 4215 Patrioii
535 4149 776 4232 epithalamium
804 4149 976 4232 genuinum
1009 4168 1080 4213 esse
1108 4153 1207 4230 atque
1238 4149 1323 4212 anti-

264 4371 282 4441 ¹)
299 4370 331 4424 (l.
341 4369 439 4423 Barthi
448 4368 661 4436 soliloquiorum
674 4386 767 4422 rerum
782 4368 937 4424 divinarum
946 4369 1011 4421 libri
1020 4369 1079 4422 XX.
1106 4369 1233 4438 Oygneae
1246 4371 1321 4425 1655.
