3246 5296
745 471 764 532 9

185 652 356 734 pertineat,
381 675 428 720 an·
446 653 616 737 dignitatis
639 655 837 737 vocabulum,
862 657 947 740 quod
969 655 1002 720 in
1024 655 1162 740 publicis
1184 655 1314 722 honoris

185 757 496 841 praescriptionibus
519 758 663 842 saepius,
693 760 729 823 in
751 759 928 826 carminum
950 759 1052 824 titulis
1080 760 1245 826 rarissime
1265 759 1314 823 in-

186 859 358 924 veniatur?
387 859 578 925 Rectissime
596 861 765 944 respondit
782 859 1092 928 Wernsdorfius
1110 861 1132 926 l.
1151 861 1171 929 l.
1191 883 1221 945 p.
1237 866 1314 927 470:

186 958 257 1042 Epo
284 981 356 1026 aero
383 962 485 1028 malai
516 956 669 1028 Patricii
688 965 871 1030 vocabalum
904 967 1041 1029 amatoris
1069 985 1180 1030 mamea
1208 964 1315 1028 emisti-

186 1080 275 1126 mare
297 1067 326 1127 et
347 1064 438 1129 titalo
460 1064 659 1146 epithalamii
680 1086 851 1147 apponere,
887 1085 958 1131 cam
985 1068 1020 1130 im
1039 1067 1142 1148 fronte
1163 1066 1316 1131 carminis

186 1167 279 1244 atqae
302 1185 335 1229 eo
358 1165 422 1230 loco
444 1171 603 1247 repertam
625 1169 675 1247 sit,
698 1169 753 1233 adi
775 1168 900 1233 callam
923 1189 1018 1250 aecae
1038 1170 1192 1232 usitatam
1214 1172 1243 1232 et
1263 1187 1316 1231 ae-

186 1265 360 1330 cessari'am
389 1288 427 1332 ae
455 1271 594 1333 cacteris
624 1275 686 1350 est,
715 1270 808 1351 idpae
830 1276 947 1335 coastat
973 1271 1031 1335 sah
1061 1290 1133 1335 aevo
1162 1269 1316 1335 Christia-

185 1386 298 1464 ccram
322 1368 555 1450 imperaturam
576 1372 690 1436 maltos
712 1371 854 1437 illustres
875 1374 959 1438 airos
980 1374 1122 1456 cessisse.

271 1469 454 1535 Invenimus
489 1472 587 1554 igitur
616 1472 804 1541 Patricius
840 1474 1024 1539 nominatos
1056 1475 1140 1538 viros
1171 1471 1317 1538 extitisse

185 1569 324 1651 primum
344 1578 421 1654 post-
444 1572 607 1638 Christum
630 1582 740 1640 natum
763 1577 893 1642 saeculo
917 1582 1043 1660 quarto.

271 1675 399 1740 Floruit
428 1676 489 1741 sub
513 1675 758 1760 Valentiniano,
788 1679 983 1760 Theodosio,
1011 1677 1316 1746 ArcadioPatri-

186 1775 276 1842 cius
304 1779 461 1860 magister
490 1777 684 1860 officiorum,
715 1787 752 1845 ut
781 1801 820 1845 ex
850 1781 958 1846 codice
986 1781 1208 1847 Theodosiana
1219 1781 1240 1858 ¹)
1269 1779 1317 1842 in·

185 1877 375 1963 tellegimus.
502 1863 508 1878 ¹

272 1983 342 2048 Iam
370 1991 480 2050 autem
503 1986 713 2069 Symmachus
739 1985 899 2070 epistulas
922 1986 982 2052 VIl
1006 1990 1131 2050 54-65
1161 1986 1249 2050 misit
1275 1985 1318 2050 ad

186 2082 428 2166 Patricium,
475 2087 531 2170 qui
575 2089 731 2169 magister
771 2089 981 2172 epistularum
1020 2090 1181 2170 regiarum
1224 2086 1317 2151 annis

187 2188 358 2252 asc-400
381 2186 452 2252 fuit,
737 2257 743 2268 ,

271 2289 365 2355 Alius
398 2289 461 2355 fuit
492 2291 725 2372 Patricius,
764 2293 803 2356 de
835 2313 898 2376 quo
929 2292 1015 2358 idem
1046 2292 1254 2376 Symmachus
1284 2292 1319 2357 in

187 2389 326 2473 epistula
348 2393 381 2456 ΙΙ
406 2397 441 2456 ll
468 2398 542 2458 ante
566 2414 594 2459 a.
621 2400 682 2459 395
705 2394 861 2460 Flaviano
883 2392 981 2458 fratri
1003 2395 1146 2476 scripsit:
1181 2393 1318 2458 Samctas

189 2493 363 2579 Patriciae,
389 2517 480 2578 qaam
502 2496 688 2577 praesulem
716 2499 840 2562 itineris
862 2499 910 2562 lai
932 2518 998 2562 esse
1018 2497 1155 2576 coluisti,
1185 2497 1269 2561 brem
1291 2500 1320 2560 le

187 2597 298 2678 adfore
319 2601 494 2681 aamtiacit,
527 2599 616 2663 cuius
640 2600 726 2682 quod
748 2598 1007 2663 familiaritatem
1028 2603 1166 2663 nanctus
1188 2600 1254 2676 est,
1285 2596 1319 2660 in

187 2699 328 2781 epistula
350 2699 382 2762 ll
406 2705 446 2764 90
470 2701 512 2765 ad
534 2701 721 2765 Flavianum
743 2700 878 2765 fratrem
901 2699 1055 2783 superbit.

273 2802 398 2867 Deinde
417 2802 459 2867 ad
478 2802 611 2868 eandem
630 2803 699 2868 fere
718 2808 855 2868 aetatem
874 2807 1002 2886 spectat
1015 2800 1195 2868 Patricii
1213 2806 1318 2865 astro-

186 2901 253 2985 logi
281 2903 331 2968 vel
360 2905 448 2988 magi
477 2904 644 2970 cuiusdam
673 2906 844 2984 memoria,
886 2924 980 2988 quem
1009 2910 1042 2968 et
1071 2901 1187 2968 Suidas
1215 2901 1320 2966 tradit

188 3005 247 3070 sub
277 3006 406 3070 Ioviano
435 3008 631 3089 imperatore
659 3005 809 3072 floruisse
839 3011 872 3072 et
900 3006 1086 3071 Ammianus
1112 3003 1320 3070 Marcellinus

187 3109 252 3187 (lib.
271 3109 364 3174 XXX
389 3115 417 3188 1)
441 3129 460 3172 a
482 3109 618 3174 Valente
641 3130 726 3174 anno
751 3115 809 3175 371
836 3109 974 3173 occisum
997 3128 1069 3173 esse
1091 3106 1288 3184 memorati)

273 3211 488 3276 Patricius
529 3217 653 3292 autem,
694 3217 788 3295 pater
822 3210 1009 3294 Augustini,
1051 3214 1084 3274 et
1121 3209 1207 3274 idem
1241 3207 1320 3273 vixit

188 3312 318 3378 saeculo
342 3318 469 3394 quarto.

274 3415 375 3479 Porro
402 3413 548 3480 Marinus
581 3418 635 3482 vit.
673 3414 782 3480 Procli
813 3418 831 3477 6
861 3412 1036 3479 Patricii
1073 3413 1176 3496 patris
1213 3412 1320 3478 Procli

187 3516 373 3600 philosophi
393 3519 589 3582 mentionem
611 3517 706 3598 faeit;
742 3517 852 3581 nescio
877 3515 1026 3580 auidam
1049 3514 1105 3594 sit,
1135 3516 1225 3580 cuius
1253 3536 1319 3580 me·

186 3620 321 3684 moriam
339 3619 529 3684 Damascius
551 3621 606 3685 vit.
629 3619 749 3684 Isidori
775 3623 834 3686 132
857 3618 1000 3684 breviter
1022 3617 1164 3699 attingit.

274 3720 393 3799 Quinto
419 3722 565 3802 saeculo,
596 3724 725 3787 circiter
750 3742 835 3786 anno
858 3725 935 3799 420,
966 3719 1182 3786 Patricius
1210 3737 1319 3783 rerum

186 3825 386 3908 privatarum
419 3844 525 3889 comes
561 3825 621 3890 sub
653 3823 831 3890 Theodosio
859 3824 984 3889 iuniore
1016 3822 1118 3889 fuisse
1146 3821 1182 3886 in
1210 3821 1319 3886 codice

187 3925 409 3992 Theodosiano
432 3926 452 3990 l.
475 3926 496 3990 l.
519 3927 645 4009 legitur.

274 4165 292 4235 ¹)
317 4163 407 4219 videri
433 4166 528 4232 potest
554 4163 584 4215 in
611 4161 777 4218 Gothofredi
802 4159 1042 4231 Prosopographia
1066 4159 1168 4216 codicis
1194 4160 1319 4216 Theodo-

188 4249 257 4304 siani
273 4268 302 4319 p.
320 4252 360 4302 73.

245 4385 247 4391 -
272 4353 292 4421 ¹)
316 4351 391 4407 idem
414 4354 585 4406 memoratur
608 4352 682 4420 apud
706 4350 848 4405 Zosimum
865 4349 903 4404 IV
922 4351 954 4404 15
975 4348 1183 4420 (Mendelsschn
1199 4366 1227 4417 p.
1247 4349 1314 4420 170).
