3246 5296
840 464 883 526 44

297 672 424 718 ramore
443 673 501 739 per
522 651 652 718 ambros
671 649 851 717 offenditur.
887 650 970 717 Nam
988 671 1048 737 pro
1066 650 1127 716 hae
1144 649 1270 717 tradita
1286 650 1425 716 lectione

297 753 509 836 Burmannus,
532 776 626 840 quem
647 755 863 821 Baehrensius
885 755 994 820 nescio
1016 775 1073 820 cur
1095 760 1224 822 secutus
1246 755 1305 836 sit,
1328 754 1425 822 scribi

298 857 430 923 maluit:
460 881 574 946 sparso
595 879 721 925 ramore
741 879 799 945 per
820 859 914 924 orbos
936 857 986 922 vel
1015 879 1130 940 caeos,
1161 858 1248 943 quod
1276 857 1425 943 equidem

299 960 510 1028 Wernsdorfii
533 962 722 1028 sententiam
746 983 905 1028 unacum
928 962 1036 1027 Riesio
1065 967 1195 1028 secutus
1222 984 1285 1028 non
1313 963 1424 1047 probo.

296 1063 378 1129 Nam
400 1070 433 1131 et
456 1067 625 1132 obscurum
648 1064 786 1132 rumoris
807 1086 1015 1152 progressum
1038 1065 1213 1150 significari
1230 1065 1299 1133 vult
1319 1071 1424 1153 poeta

297 1169 381 1232 sicut
402 1169 521 1237 similia
541 1170 663 1237 habent
684 1169 834 1234 Valerius
856 1169 993 1236 Flaccus
1014 1169 1048 1234 Π
1073 1172 1149 1234 116:

425 1273 663 1357 Famamque
685 1293 800 1357 vagam
821 1272 962 1357 vestigat
983 1273 1024 1338 in
1045 1272 1189 1339 umbra

296 1375 347 1439 vel
370 1375 529 1460 Vergilius
552 1375 592 1442 de
613 1377 714 1442 Fama
735 1376 814 1440 Aen.
837 1375 883 1441 IV
909 1381 983 1441 184:

425 1479 552 1546 Nocte
575 1479 689 1545 volat
711 1479 795 1544 caeli
816 1479 921 1546 medio
943 1484 1131 1564 terraeque,
1154 1502 1225 1567 per
1247 1480 1425 1546 umbram
1448 1517 1451 1522 <

426 1581 582 1663 Stridens,

297 1689 330 1750 et
358 1685 482 1751 dictum
510 1686 591 1752 illud
620 1687 756 1752 colitans
783 1707 841 1773 per
869 1687 1000 1754 ambros
1027 1709 1066 1754 ex
1089 1685 1247 1755 Ovidiano
1275 1686 1332 1753 illo
1355 1686 1425 1752 loco

298 1789 461 1868 (am.18,
488 1795 554 1869 17):

425 1891 517 1958 Hane
538 1912 597 1976 ego
618 1898 796 1958 nocturnas
818 1915 945 1959 versam
965 1893 1147 1959 volitare
1169 1915 1242 1978 per
1263 1893 1426 1959 umbras

244 2065 248 2074 ,
297 1995 376 2061 satis
398 2000 512 2061 notum
529 1995 663 2063 videtur.
709 1996 816 2074 Quare
838 2017 904 2062 non
921 1997 1024 2079 video,
1047 2018 1105 2062 our
1128 2019 1148 2062 a
1169 1997 1302 2063 traditis
1318 1996 1426 2064 verbis

296 2097 494 2166 recedamus.

381 2200 487 2267 Versu
511 2207 547 2266 51
577 2201 794 2268 Baehrensius
823 2203 952 2268 etiamsi
979 2203 1066 2269 bono
1096 2225 1167 2269 cum
1197 2225 1290 2270 sensu
1318 2208 1425 2268 tamen

296 2304 340 2372 ad
363 2305 534 2372 arbitrium
556 2306 655 2371 verba
680 2307 759 2372 Orto
777 2307 887 2372 dobiae
908 2308 1044 2372 mutavit
1065 2308 1098 2371 in
1117 2311 1223 2372 Aucto
1240 2308 1358 2388 dobiae,
1380 2309 1428 2371 ita

210 2469 212 2474 ,
296 2415 333 2474 ut
361 2415 456 2475 noeto
485 2411 526 2474 ad
548 2411 681 2475 Famam
710 2411 881 2493 pertineat.
926 2409 1160 2476 Necessitatem
1183 2430 1247 2474 non
1269 2431 1426 2494 agnosco;

295 2533 373 2578 nam
395 2533 435 2578 ex
455 2513 645 2599 insequente
666 2535 777 2578 versu:

424 2616 498 2681 Non
519 2619 606 2682 videt
627 2620 803 2696 auctorem,
827 2615 884 2682 sed
906 2615 1006 2682 sentit
1028 2615 1165 2700 quisque
1186 2615 1351 2701 refertque

297 2724 434 2804 apparet
455 2719 600 2786 fabulam
623 2741 695 2786 esse
717 2719 984 2805 intellegendam,
1014 2740 1097 2803 quae
1126 2719 1232 2786 subito
1262 2725 1354 2787 orta
1376 2722 1427 2788 sit.

382 2825 489 2890 Versu
512 2827 551 2889 66
580 2823 738 2890 traditum
767 2829 833 2890 est:
863 2824 980 2890 stadiis
1011 2823 1161 2889 Helieone
1190 2828 1300 2910 potito,
1332 2845 1427 2910 quam

296 2927 469 2993 lectionem
486 2926 703 2993 Baehrensius
723 2931 854 2992 secutus
872 2925 1101 3005 Burmannum,
1122 2928 1176 3010 qui
1193 2927 1318 3011 primus
1332 2927 1429 2994 verba

296 3030 332 3095 in
354 3031 566 3116 suspicionem
587 3031 723 3112 vocavit,
746 3031 778 3095 in
801 3031 917 3096 stadiis
940 3029 1091 3094 Helieone
1111 3031 1218 3115 petitis
1239 3029 1428 3099 emendavit.

296 3133 369 3199 Etsi
388 3134 519 3218 quidem
537 3134 666 3199 omnino
688 3153 750 3198 vox
766 3135 863 3219 potito
880 3132 1011 3217 passivo
1030 3153 1126 3196 sensu
1143 3132 1208 3197 illis
1226 3130 1430 3199 inferioribus

296 3239 497 3324 temporibus
506 3242 666 3320 usurpata
674 3258 736 3304 nos
748 3257 815 3303 non
824 3239 933 3321 potest
943 3233 1115 3315 offendere,
1128 3240 1236 3300 tamen
1246 3235 1430 3302 Baehrensii

297 3345 513 3408 coniecturam
542 3361 607 3406 non
636 3362 770 3427 prorsus
800 3340 963 3425 abnegare
993 3337 1108 3419 malui,
1137 3339 1331 3423 praesertim
1361 3361 1431 3406 cum

296 3445 475 3512 Patricium
489 3465 510 3510 a
523 3443 666 3512 flosculis
681 3429 850 3511 Statianae
868 3442 1017 3508 dictionis
1037 3462 1114 3507 suae
1133 3441 1272 3507 orationi
1290 3443 1430 3508 inseren-

298 3548 349 3615 dis
377 3551 506 3615 minime
536 3548 713 3615 abhorrere
742 3549 809 3614 iam
838 3547 1090 3631 cognoverimus.
1134 3545 1214 3610 Dico
1243 3551 1350 3612 autem
1371 3547 1431 3612 hoo

297 3654 367 3719 loco
389 3652 471 3719 illud
494 3651 591 3719 Statii
614 3652 704 3737 (Silv.
727 3651 772 3717 IV
796 3654 814 3715 6
837 3674 865 3715 v.
890 3650 958 3733 11):

545 3755 716 3841 medioque
739 3754 946 3820 Helicone
969 3752 1134 3836 petitus
1158 3751 1294 3820 Sermo

297 3862 385 3948 quod
406 3865 522 3946 poetae
543 3861 577 3925 in
600 3861 707 3927 animo
730 3859 830 3926 fuisse
852 3859 918 3924 veri
941 3877 1005 3922 non
1028 3856 1183 3922 dissimile
1207 3863 1264 3922 est.

383 3966 451 4030 Iam
474 3986 549 4031 vero
572 3966 654 4031 satis
683 3966 762 4030 mire
791 3969 891 4047 atque
913 3961 969 4040 ita,
998 3967 1035 4027 ut
1062 3961 1129 4026 iam
1151 3960 1278 4026 Riesius
1301 3981 1433 4048 eorrup-

297 4070 399 4136 telam
418 4069 650 4153 suspicaretur,
672 4068 734 4134 hoc
752 4067 878 4133 videtur
896 4086 1082 4150 expressum
1099 4087 1128 4132 v.
1149 4066 1206 4129 68:
1228 4064 1296 4131 Nec
1312 4069 1433 4151 pater

297 4173 367 4258 ipse
389 4173 486 4256 iugi.
1244 4245 1247 4252 1

379 4272 624 4367 ¹Wernsdorlius
667 4274 797 4359 quidem
838 4273 963 4340 levitati
1004 4276 1102 4358 atque
1143 4271 1261 4337 minori
1302 4271 1433 4338 serioris

297 4386 416 4467 poetae
440 4379 622 4463 elegantiae
644 4384 773 4444 tantum
795 4379 939 4444 tribuere
961 4379 1085 4457 maluit,
1107 4384 1144 4440 ut
1165 4396 1238 4441 eum
1255 4382 1346 4462 poter
1366 4378 1436 4462 topi
