3250 5290
684 543 839 642 -ss-

282 730 397 816 Itaque
417 730 570 816 quoniam
590 729 625 796 in
646 731 830 798 universum
855 728 896 798 de
917 727 1117 815 epithalamii
1138 729 1323 798 condicione

197 837 295 920 atque
317 833 358 900 de
380 833 521 901 auctoris
544 834 703 919 dignitate
730 839 853 902 certum
873 835 938 900 iam
966 832 1121 900 adhibere
1141 833 1218 900 lieet
1238 833 1321 902 iudi-

197 938 291 1018 cium,
313 957 400 1004 nunc
425 957 544 1021 eorum,
574 957 657 1022 quae
684 938 745 1006 hac
773 938 1042 1006 commentatione
1063 937 1264 1023 protulimus,
1285 941 1322 1004 ut

197 1061 353 1109 summam
375 1038 532 1109 facimus
553 1047 666 1110 restat.

281 1144 330 1211 Ao
350 1147 489 1231 primum
511 1150 600 1213 certa
621 1167 661 1212 ex
681 1167 716 1212 re
735 1152 768 1213 et
784 1147 976 1232 argumento
992 1143 1112 1211 indicia
1129 1143 1323 1230 aperuimus,

198 1267 281 1333 quae
291 1250 339 1316 ita
350 1250 562 1332 consentiant,
579 1255 617 1316 ut
633 1249 699 1317 iam
719 1249 795 1316 hinc
816 1253 939 1317 certam
951 1247 1102 1316 carminis
1114 1253 1256 1316 aemtem
1268 1268 1322 1316 co-

198 1370 350 1436 gnoscere
364 1352 534 1437 possimus.
565 1351 727 1420 Vocamur
741 1357 849 1421 autem
867 1351 909 1419 ad
923 1351 1096 1437 quintum
1114 1351 1321 1434 saeculum,

180 1454 316 1541 'quippe
335 1477 400 1541 quo
416 1475 496 1523 aevo
508 1457 640 1523 nomina
653 1457 786 1524 Patricii
798 1463 832 1524 et
843 1455 990 1540 Auspicii
1008 1454 1181 1522 usitatiora
1192 1455 1322 1523 fuerint

316 1627 334 1684 5
352 1628 532 1698 Carminibus,
550 1629 652 1684 veteris
670 1629 762 1684 sciscit
778 1629 922 1684 Sententia
938 1627 1050 1696 Musae;

350 1713 453 1769 Verum
470 1715 610 1770 nobilibus
628 1719 780 1786 spectatam
797 1715 902 1770 viribus
919 1714 994 1769 intra

351 1801 454 1871 Corpus
468 1802 571 1856 habere
588 1802 688 1870 locum,
707 1818 769 1855 eum
786 1801 824 1854 sit
840 1801 1006 1869 Substantia,
1023 1801 1101 1854 motu

351 1887 488 1956 Perpetuo
506 1887 643 1942 caelorum
662 1887 748 1942 Orbas
765 1886 874 1942 imitata
889 1887 1023 1942 volantes.

350 1974 401 2028 Illa
418 1974 468 2029 sed
484 1974 559 2028 baud
576 1973 693 2028 oriunda
709 1973 825 2028 infirmia
843 1974 964 2042 artubus,
981 1976 1014 2026 ut
1031 1972 1075 2041 sit,

301 2062 334 2118 10
350 2061 442 2130 thue
460 2079 547 2131 capax
564 2061 685 2130 rationis,
702 2065 735 2115 ut
751 2060 956 2131 aequiparabile
972 2076 1075 2114 nomen

349 2147 458 2202 Divinis
476 2148 583 2216 animis,
601 2148 687 2203 Vivae
705 2151 738 2202 ut
753 2147 872 2203 Deitatis
889 2148 989 2218 imago,

350 2235 422 2290 Hinc
438 2236 492 2290 tibi
505 2236 628 2306 jucundo
648 2236 782 2290 clarescet
799 2235 934 2290 carmine:
952 2235 1075 2304 quisquis

349 2320 481 2376 Mortales
500 2325 678 2377 contemnere
697 2339 771 2396 opes,
788 2325 837 2376 tua
855 2338 988 2392 quaerere
1004 2325 1097 2376 tecum

350 2407 448 2478 Regna
466 2410 551 2478 cupis,
570 2409 681 2464 felicem
697 2410 728 2463 in
746 2426 775 2463 se
794 2409 965 2464 absolventia
982 2408 1083 2463 Vitam.

287 2493 334 2550 015
402 2495 541 2565 Principio
558 2497 665 2551 ratione
683 2497 787 2550 animas
804 2496 904 2550 florere
921 2497 1050 2566 potentes

350 2581 416 2636 Vita
433 2582 515 2636 docet
532 2583 692 2652 eommunis,
710 2582 815 2637 habens
833 2582 947 2638 inventa
964 2582 1085 2637 tuendae

351 2667 441 2722 Multa
458 2668 524 2721 sibi:
544 2685 614 2738 quae
631 2669 704 2723 forte
721 2670 770 2722 aut
787 2685 864 2722 casso
884 2668 971 2722 didita
989 2685 1054 2722 casu

350 2754 415 2809 ,Non
432 2755 540 2824 possint
557 2755 620 2824 dici,
637 2754 722 2826 longo
741 2772 804 2810 eum
821 2758 947 2824 tempore
965 2754 1077 2808 demum

351 2839 481 2896 Sensibus
498 2841 613 2896 occultis
630 2841 661 2895 in
677 2841 768 2896 lucem
785 2841 889 2895 tradita
905 2840 1042 2910 migrent3

301 2927 335 2983 20
351 2927 500 2982 Praeterea
516 2944 606 2997 neque
624 2928 687 2996 sint,
706 2944 773 2997 quas
791 2944 848 2981 non
865 2926 964 2996 probet
980 2943 1053 2995 usus,
1070 2926 1182 2996 inertes,

351 3011 440 3068 Multo
460 3014 591 3068 exercitio
609 3017 639 3068 et
656 3013 810 3084 speculanti
829 3015 922 3067 mente
940 3015 1074 3082 repertae,

351 3099 489 3170 Egregiae
506 3117 622 3170 morum,
641 3102 670 3154 et
688 3099 796 3154 subtilis
815 3098 956 3168 acuminis,
974 3101 1057 3154 artes.

352 3185 464 3240 Scilicet
480 3186 595 3241 utilibus
614 3202 684 3255 quae
702 3188 769 3239 sunt
786 3185 851 3239 data
869 3184 997 3239 censibus
1014 3187 1087 3254 apta,

351 3272 447 3326 Laude
464 3273 548 3327 vehas
565 3272 680 3340 marit03
699 3288 770 3341 quae
787 3273 853 3324 sunt
869 3270 1014 3340 laudanda,
1032 3269 1164 3340 probabis

301 3360 335 3414 25
352 3358 415 3413 Non
433 3358 503 3412 citra
519 3358 668 3413 Rationem
685 3358 815 3424 inventa3
838 3355 961 3410 notabile
978 3356 1088 3411 Numen

351 3444 431 3500 Mens
449 3445 575 3501 Rationis
593 3444 686 3514 habet,
704 3460 782 3514 quae,
799 3443 927 3497 laudibus
944 3445 1017 3512 apta,
1034 3441 1144 3514 redegit

352 3531 439 3586 Usum
455 3532 486 3585 in
504 3546 687 3599 communem,
705 3547 763 3584 non
779 3545 843 3598 uno,
860 3545 984 3598 munera,
1001 3515 1084 3583 cultu.

352 3618 478 3687 Namque
496 3635 529 3672 ea
545 3617 685 3687 corporcis
704 3632 851 3686 exponere,
869 3615 942 3670 terre
959 3616 1010 3670 sub
1028 3631 1116 3686 auras,

353 3702 483 3758 Sensibus
501 3703 576 3758 haud
593 3703 645 3757 ulli
662 3703 754 3771 liceat,
772 3719 835 3756 eum
851 3701 948 3772 regula
965 3704 1042 3756 certo

302 3791 337 3846 80
353 3790 423 3844 Fixa
439 3790 528 3860 gradu
543 3791 574 3844 in
591 3807 722 3861 praesens
741 3806 836 3844 sensus
854 3789 939 3844 decus
957 3793 1074 3859 occupet
1091 3807 1193 3846 ornnes.

352 3877 391 3930 At
407 3876 490 3946 longe
507 3877 672 3946 quaerenda,
690 3879 720 3931 et
737 3879 817 3931 acuto
835 3876 940 3930 lumine
957 3877 1058 3931 mentis

352 3961 513 4032 indaganda
530 3962 585 4032 diu,
602 3980 654 4017 nee
672 3966 749 4017 tactu
767 3963 904 4033 prendere
922 3962 1020 4033 possis,

352 4049 411 4104 Neo
428 4049 519 4118 gravis
537 4050 647 4104 auditus
666 4049 750 4105 affixo
768 4049 869 4105 robore
886 4049 1034 4118 membris;

352 4135 417 4192 Non
434 4135 528 4204 oeulis,
546 4134 613 4190 licet
630 4135 722 4205 altam,
739 4136 847 4205 Aquilia
865 4135 1025 4206 aequabilis,
1042 4136 1167 4190 aethram

304 4225 338 4279 at
356 4223 491 4292 Praepete
508 4221 630 4292 trajicies
647 4221 723 4290 visu;
741 4222 898 4278 Primordia
916 4221 1003 4276 densa

352 4309 440 4364 Nocte
457 4308 554 4377 latent,
571 4308 695 4378 Animae,
713 4309 803 4364 solum
820 4308 927 4363 ratione
945 4308 1061 4378 potitae,

352 4396 453 4450 Divina
470 4395 548 4451 venit
564 4395 618 4450 hue
635 4396 676 4451 vis
695 4396 770 4464 alite,
788 4395 897 4465 fulgure
916 4394 1023 4448 dextro.

353 4482 428 4537 Haec
444 4481 497 4536 tibi
511 4482 570 4553 jam
588 4483 663 4537 clara
679 4482 778 4537 melius
796 4482 899 4539 muts
917 4483 1070 4554 patescent.
