3246 5296
802 503 957 622 -24

309 713 358 777 De
379 713 442 778 hoc
462 717 571 778 autem
592 713 730 776 maxime
748 711 817 776 eius
836 711 944 808 studio
963 713 1070 793 ipsum
1088 670 1304 775 Barthium
1328 699 1458 773 audia'

310 835 390 892 mus,
415 816 508 880 cuius
529 813 630 879 verba
652 813 728 878 huic
750 803 970 912 retaliatum
998 814 1103 877 lucem
1132 809 1254 876 inferre
1282 811 1441 875 videntur.

309 917 398 982 Dicit
419 918 503 982 enim
524 915 652 982 Advers.
672 917 691 980 1.
710 911 786 979 XVl
800 903 1058 998 ineudbecapito
1071 915 1101 978 I:
1130 915 1232 996 Quom
1243 913 1443 996 forroyiueuo

784 999 790 1011 ἱ

308 1022 470 1085 curiorum
493 1018 773 1100 .Fpi9ruououotuuu
795 1019 1023 1082 immortalium
1040 1010 1077 1081 iu·
1094 1017 1191 1080 bouos
1210 1017 1332 1080 litteras
1349 1015 1441 1079 rueri-

309 1127 413 1187 torum
439 1120 476 1185 P.
505 1119 653 1185 Pithoeus
676 1120 781 1201 edidit,
807 1141 903 1201 posse
927 1121 1016 1201 loupe
1045 1120 1230 1200 ampliorem
1256 1139 1320 1182 uou
1341 1118 1443 1182 solum
1551 1131 1552 1136 ’

310 1245 347 1288 eu
370 1223 531 1304 lapidibus
547 1224 668 1304 priscis
691 1222 746 1286 sed
768 1227 797 1286 ot
818 1222 975 1286 codicibus
998 1224 1098 1286 coscis
1125 1223 1197 1303 fieri
1224 1241 1314 1284 ucuo
1337 1219 1442 1283 erudi·

310 1331 412 1390 torum
435 1325 640 1406 iupitiobitum
663 1326 787 1388 utiuuiu
809 1344 881 1388 uero
907 1328 1027 1406 fuceret
1048 1324 1174 1388 tuudcua
1199 1326 1367 1403 quisquam
1389 1321 1443 1384 boo

310 1427 615 1504 cu·oordotioribus;
639 1429 674 1490 iu
696 1427 786 1490 uobis
808 1431 963 1506 quoutuou
985 1432 1038 1501 est,
1068 1447 1129 1489 uou
1152 1426 1308 1488 deerimus
1330 1443 1439 1505 suppe-

310 1528 623 1621 ditaturiuuouuullo
644 1549 705 1609 per
729 1528 894 1609 Europum
923 1529 1005 1592 bosuc
1026 1530 1114 1592 curie
1143 1528 1270 1591 collecto
1290 1546 1354 1590 uou
1376 1528 1443 1589 siue

311 1639 439 1715 sumptu
461 1637 490 1696 et
513 1632 618 1696 labore
640 1631 803 1710 taedioque
824 1635 938 1694 uostro.

397 1735 490 1812 Quod
513 1753 588 1797 vero
608 1738 684 1796 tunc
703 1733 862 1815 expressit
880 1733 1081 1811 desiderium,
1104 1731 1224 1796 nostris
1242 1729 1442 1813 temporibus

310 1839 430 1920 optime
450 1836 493 1900 ad
511 1833 657 1900 effectum
677 1834 851 1899 adductum
871 1839 930 1898 est.
977 1835 1139 1900 Habemus
1153 1833 1249 1898 hodie
1267 1834 1441 1897 carminum

309 1941 499 2008 Latinorum
530 1938 687 2000 minorum
718 1937 926 2002 collectiones
956 1959 1033 2002 cura
1062 1937 1162 2002 Riesii
1191 1943 1224 2000 et
1255 1935 1443 2000 Baehrensii

311 2045 477 2109 doctorum
499 2041 643 2106 virorum
666 2049 879 2124 comparatas¹
927 2041 1107 2105 Dolendum
1137 2045 1243 2104 autem
1275 2044 1332 2119 est,
1356 2038 1442 2126 quod

309 2146 526 2210 inveteratam
555 2147 667 2234 contra
696 2143 867 2208 Barthium
890 2143 1072 2226 opinionem
1104 2143 1207 2208 secuti
1237 2163 1346 2206 omnes
1375 2143 1443 2206 fere

310 2247 414 2312 nostri
447 2245 568 2310 saeculi
598 2245 743 2310 homines
775 2245 863 2310 docti
899 2245 1034 2324 iustam,
1067 2266 1164 2328 quam
1198 2245 1231 2308 in
1263 2244 1374 2308 eadem
1407 2264 1443 2307 rc

311 2349 516 2432 consumpsit,
539 2348 601 2412 viri
623 2368 753 2433 operam
776 2347 856 2412 adeo
881 2353 1153 2431 contempserunt,
1175 2352 1212 2411 ut
1234 2348 1378 2412 carmina
1400 2346 1441 2410 ab

311 2472 349 2517 eo
368 2451 505 2517 collecta
524 2455 623 2532 atque
642 2456 772 2516 servata
791 2453 883 2534 quasi
902 2470 919 2514 e
938 2451 1039 2515 notha
1058 2450 1182 2534 origine
1201 2455 1280 2515 nata
1298 2453 1443 2534 satisque

311 2559 464 2637 suspecta
487 2552 680 2635 acceperint.
716 2553 788 2616 Non
810 2555 938 2635 quidem
957 2553 1051 2637 pauci
1069 2551 1444 2618 fuerunt—veisunt-

311 2657 367 2741 qui
384 2655 530 2720 carmina
545 2677 565 2718 a
579 2654 716 2722 Barthio
731 2655 842 2721 oblata
860 2656 901 2722 ab
923 2658 985 2720 hoc
1006 2660 1078 2738 ipso
1103 2657 1167 2722 sive
1190 2657 1388 2739 interpolata
1411 2659 1444 2721 et

311 2765 463 2842 corrupta
486 2759 551 2823 sive
575 2760 704 2823 omnino
727 2758 816 2824 facta
835 2764 867 2823 et
885 2757 993 2823 efficta
1011 2780 1080 2824 esse
1098 2762 1258 2842 putarent.
1291 2762 1443 2822 Attamen

310 2861 459 2945 equidem
482 2867 570 2944 pnt⁰‚
594 2861 767 2942 quodiam
797 2858 1013 2925 Baehrensius
1044 2861 1092 2943 (P.
1122 2861 1158 2925 L.
1189 2861 1230 2924 M.
1259 2860 1340 2944 Vp.
1366 2863 1442 2946 408)

311 2964 421 3040 sensit,
445 2963 478 3026 in
501 2962 720 3045 suspectanda
742 2962 803 3026 viri
825 2961 889 3026 fide
911 2961 1084 3045 plerosque
1114 2963 1219 3026 nostri
1242 2963 1363 3027 saeculi
1385 2963 1447 3048 hoff

310 3068 413 3130 mines
447 3066 557 3132 doctos
589 3063 689 3128 fuisse
720 3065 843 3131 nimios.
890 3064 973 3141 Quin
1003 3065 1102 3128 etiam
1131 3065 1344 3130 inveteratam
1374 3063 1443 3130 fere

310 3165 575 3232 consuetudinem
591 3167 693 3230 secuti
713 3166 820 3232 adhuc
837 3165 918 3230 nihil
937 3167 1103 3251 antiquius
1117 3168 1266 3232 videntur
1279 3168 1441 3247 habuisse,

311 3291 407 3354 quam
430 3274 468 3332 ut
490 3268 667 3350 Caspasum
690 3267 861 3333 Barthium
889 3269 976 3333 omni
1004 3269 1100 3334 modo
1131 3270 1346 3354 despicerent:
1378 3271 1443 3336 sive

309 3367 444 3450 inedita,
467 3391 550 3454 quae
572 3369 719 3454 protulit,
741 3373 774 3435 in
798 3372 1011 3454 suspicionem
1033 3378 1194 3448 vocarent,
1225 3373 1290 3436 sive
1314 3393 1386 3437 eum
1408 3375 1443 3438 in

308 3473 514 3539 recensendis
528 3472 800 3557 emendandisque
820 3475 1031 3556 scriptoribus
1046 3474 1167 3540 nullius
1180 3476 1299 3555 iudicii,
1308 3506 1311 3515 ·
1321 3476 1443 3540 nullius

310 3577 517 3642 auctoritatis
536 3595 606 3639 esse
623 3575 777 3642 dicerent.
822 3576 916 3640 Talia
936 3576 1064 3659 quidem
1079 3577 1291 3642 sentientibus
1306 3577 1442 3643 multum

309 3678 447 3742 valuisse
468 3676 598 3741 videtur
620 3675 709 3760 quod
730 3677 946 3742 Bentleius
971 3678 1060 3759 (edit.
1092 3679 1204 3742 Horat.
1235 3703 1265 3762 p.
1291 3685 1343 3763 79)
1366 3681 1442 3745 olim

308 3779 478 3846 iudicavit:
514 3779 624 3843 Multo
653 3799 731 3844 saue
762 3781 848 3844 breui
885 3801 958 3844 occo
988 3782 1117 3846 molitus
1147 3787 1194 3846 est
1224 3783 1384 3848 Bortbius
1414 3788 1444 3848 ot

309 3885 507 3966 πολυμαθίας
528 3901 585 3946 seu
612 3882 717 3962 polius
746 3887 1010 3968 πολυαναγνωσίας
1038 3883 1175 3966 plocium
1202 3886 1296 3949 ellam
1320 3886 1442 3950 iubenis

308 3988 491 4050 consecutus
512 3988 566 4058 cst,
588 4003 697 4046 oerum
726 3985 904 4048 enimcum
934 3985 977 4049 od
1004 3985 1159 4050 iudicium
1186 4007 1238 4050 res
1263 3987 1441 4067 deocuiuut,

308 4085 393 4150 breoi
409 4104 488 4148 sous
501 4103 579 4148 orcu
590 4083 777 4167 plerumque
791 4087 954 4156 iaculatur
967 4107 1065 4168 usque
1079 4089 1122 4153 od
1139 4108 1267 4171 scopum
1277 4091 1441 4173 pcrtiupit.

396 4183 491 4248 Certe
515 4185 645 4267 quidem
667 4185 819 4251 Barthius
841 4187 944 4252 multa
968 4189 1101 4270 scripsit
1122 4209 1205 4272 vaga
1228 4189 1379 4272 viliaque,
1403 4193 1442 4256 in

308 4285 535 4351 iudicando
567 4307 754 4350 summam
784 4288 982 4354 adhibuit
1011 4292 1237 4356 levitatem.
1289 4293 1443 4358 Attamen

309 4393 405 4460 tanta
426 4407 500 4459 eum
522 4385 637 4454 fraude
659 4390 802 4457 admissa
824 4391 1010 4458 litterarum
1033 4392 1185 4480 dignitati
1213 4394 1352 4461 illusisse
1372 4396 1441 4462 sine
