3250 5290
611 1034 875 1171 Vl'l'll.

271 1293 375 1359 Natus
393 1312 463 1358 sum
480 1292 637 1360 Rudolfins
655 1294 780 1362 Bnente
804 1315 891 1362 anno
911 1295 1008 1364 huius
1030 1297 1152 1364 saeculi
1172 1298 1309 1365 LXVIH

185 1413 267 1479 Non.
289 1412 358 1480 Ian.
381 1414 590 1481 Haunoverae
606 1416 640 1482 in
657 1414 738 1482 urbe
755 1415 1031 1503 Megalopolitana
1042 1423 1136 1505 patre
1150 1419 1308 1486 Guilelmo

185 1541 288 1604 matre
319 1536 426 1604 Maria
456 1556 474 1602 e
503 1540 598 1622 gente
627 1536 768 1621 Brauns,
792 1537 917 1624 quibus
950 1540 1180 1625 superstitibus
1212 1539 1307 1608 valde

184 1657 298 1723 laetor.
341 1656 453 1723 Fidem
479 1655 634 1742 profiteor
662 1658 886 1743 evangelicam
932 1657 1147 1726 Haunoverae
1176 1681 1307 1756 gymna-

185 1780 267 1848 sium
289 1779 363 1860 adii,
386 1779 474 1865 quod
493 1783 627 1846 uocatur
638 1779 780 1865 Lyceum
792 1779 833 1862 II,
854 1779 939 1847 unde
960 1800 1035 1847 rere
1053 1780 1128 1847 anni
1146 1781 1308 1848 LXXXVI

183 1901 382 1968 maturitatis
411 1899 629 1966 testimonium
657 1900 809 1984 adeptus,
838 1904 876 1966 ut
911 1901 1026 1967 studiis
1056 1899 1228 1986 philologis
1255 1921 1307 1967 me

184 2021 304 2103 darem,
331 2020 522 2105 Friburgum
550 2019 750 2105 Brisigauiae
784 2041 836 2087 me
864 2022 986 2087 contuli
1020 2020 1130 2108 ibique
1164 2044 1222 2107 per
1251 2041 1308 2090 sex

183 2161 307 2208 menses
344 2139 462 2208 scholis
489 2140 622 2209 interfui
649 2140 792 2207 virorum
817 2139 1080 2209 doctissimorum
1111 2143 1306 2227 Bragmann,

183 2261 274 2343 Paul,
296 2261 403 2347 Steup.
446 2261 569 2329 Deinde
589 2261 734 2347 Lipsiam
755 2260 900 2348 migravi,
929 2259 985 2327 ubi
1017 2283 1076 2347 per
1097 2262 1164 2329 tria
1186 2282 1309 2329 semen

184 2382 266 2448 stris
293 2382 457 2468 magistris
477 2402 556 2450 usus
579 2403 650 2449 sum
670 2381 897 2449 illustrissimis
919 2382 1119 2468 Brugmann,
1149 2382 1307 2465 Hanssen,

182 2501 309 2584 Heinze,
330 2501 542 2582 Hildebrand,
564 2501 694 2588 Xoegel,
721 2502 859 2587 Lipsius,
881 2501 1043 2589 {Ribbeoln
1073 2501 1227 2589 Spriuger
1249 2505 1305 2590 (†),

182 2619 357 2702 Windisoh,
371 2620 527 2690 Zamcke.
570 2620 651 2687 Tum
663 2621 771 2689 Kiliae
784 2621 914 2690 scholas
927 2621 1003 2705 adii,
1026 2643 1108 2707 quas
1122 2622 1305 2690 habuerunt

182 2741 244 2808 vini
254 2741 432 2809 doctissimi
444 2741 548 2822 Blass,
558 2742 715 2824 Foerster,
728 2743 825 2829 Vogt.
862 2742 1031 2827 Marpurgi
1044 2742 1181 2828 denique
1194 2741 1304 2810 Catto-

182 2885 252 2930 rum
274 2862 349 2929 inde
372 2883 393 2930 a
413 2883 487 2929 rere
509 2863 587 2928 anni
607 2863 774 2930 LXXXIX
794 2883 844 2929 me
861 2843 1040 2930 docuerunt
1055 2842 1306 2930 ririclarissimi

181 2983 263 3065 Birt,
274 2983 390 3067 Ceben,
400 2981 604 3065 Kauffmann,
613 2982 767 3065 Schmidt,
778 2982 965 3066 Sehroeder,
978 2983 1145 3052 Wissowa.
1179 2982 1305 3049 ibidem

182 3103 301 3172 sodalis
329 3101 378 3170 fui
413 3104 578 3178 seminarii
604 3103 760 3190 philologi
793 3122 852 3189 per
887 3104 953 3171 tria
980 3104 1181 3187 semenstris,
1210 3105 1304 3171 semi·

180 3223 266 3290 narii
287 3223 454 3291 Theodisci
475 3222 605 3309 perbis
628 3244 684 3290 sex
704 3242 839 3293 menses.

267 3343 423 3412 Omnibus
451 3350 559 3413 autem
585 3343 866 3430 praeceptoribus,
897 3344 1057 3431 imprimis
1088 3341 1303 3411 Theodoro
1373 3395 1375 3402 ,

181 3464 333 3547 Birtio,
356 3464 413 3551 qui
433 3462 659 3533 liberalissime
687 3465 796 3532 studia
823 3485 895 3532 mea
923 3470 958 3533 et
985 3464 1121 3532 oonsilio
1149 3469 1183 3531 et
1204 3484 1304 3549 opera

182 3584 314 3667 adiurit,
337 3586 461 3671 gratias
490 3607 552 3674 ago
580 3606 678 3674 quam
699 3587 855 3654 maximas
877 3605 1065 3671 semperque
1092 3604 1144 3650 me
1170 3583 1302 3652 babitu·

181 3725 252 3770 rum
273 3702 438 3789 profiteor.

434 4029 1056 4139 ψ.-
