3246 5296
539 573 544 586 ,
628 538 782 633 „rr-

141 721 251 788 Habet
273 721 405 788 Ovidius
428 727 490 789 art.
513 742 575 788 am.
597 722 614 787 I
637 727 713 788 543:

270 825 389 892 Ebrius
411 845 504 892 ecce
526 847 649 893 senex
669 825 805 912 pando
827 824 996 893 Silenus
1019 826 1153 894 asello

271 929 335 994 Vix
357 929 448 996 sedet

141 1036 176 1098 et
197 1031 344 1098 similiter
363 1038 439 1100 met.
461 1032 482 1098 l.
505 1034 551 1098 IV
575 1035 632 1099 26:

270 1136 395 1221 Quique
417 1156 541 1203 senex
563 1136 669 1204 ferula
689 1137 869 1204 titubantes
891 1135 1034 1204 ebrius
1057 1143 1148 1204 artus

271 1239 417 1306 Sustinet
439 1245 473 1306 et
493 1241 627 1324 pando
649 1261 715 1306 non
737 1238 868 1307 fortiter
888 1239 1037 1308 haeret
1059 1241 1202 1308 asello.

142 1359 234 1440 Quod
255 1360 403 1444 pluribus
425 1361 588 1445 placuisse
604 1361 745 1427 ridetur:
767 1361 959 1428 nemetiam
979 1361 1174 1428 Dracontius
1196 1382 1267 1428 eum

142 1465 288 1548 sequitur
317 1464 427 1530 dicens
457 1465 601 1550 (epithal.
630 1466 723 1532 Joan.
755 1469 788 1532 et
816 1464 880 1532 Vit.
918 1465 989 1551 38):

269 1569 421 1634 Ebrius
443 1569 569 1635 interea
589 1573 683 1635 nutet
704 1568 869 1636 Silenus
891 1567 1034 1636 asello.

227 1689 351 1756 Deinde
372 1688 454 1756 illud
481 1711 563 1758 vers.
594 1695 648 1755 53:
679 1711 736 1757 aec
759 1692 889 1773 monus
919 1691 954 1754 irs
984 1692 1109 1774 cymino
1133 1695 1194 1756 toto
1224 1696 1270 1756 eet

141 1793 251 1860 nescio
282 1814 325 1858 an
361 1794 482 1859 inscius
520 1794 680 1859 Patricius
716 1793 913 1876 expresserit
950 1813 990 1858 ex
1021 1792 1077 1858 illo
1110 1791 1267 1858 Ouidiano

141 1896 322 1964 hexametri
344 1899 432 1962 exitu
455 1900 544 1982 (met.
572 1896 715 1978 11449):
758 1918 814 1963 noc
841 1902 902 1962 toto
933 1903 979 1962 est
1007 1899 1132 1980 cymino
1147 1898 1267 1979 primo.

139 2001 211 2068 Iam
232 2022 307 2067 vero
331 2000 520 2067 Ouidianum
541 1999 664 2065 fontem
685 1999 816 2084 sapiunt
832 2000 928 2065 haec:
951 2020 979 2064 v.
1000 2001 1040 2065 38
1063 2001 1121 2065 sub
1138 2006 1269 2083 utroque

141 2106 206 2187 deo,
230 2125 368 2190 quocum
395 2103 543 2170 conferas
572 2110 646 2169 met.
674 2103 691 2168 I
721 2108 800 2169 338:
833 2104 891 2169 sub
918 2109 1049 2186 utroque
1074 2103 1204 2184 Phoebo,
1236 2111 1269 2170 et

140 2228 222 2274 vers.
239 2209 297 2274 55:
318 2208 517 2274 inobservata
531 2207 833 2290 ferentemoestc'pia,
857 2225 994 2288 quocum
1005 2203 1046 2274 cl.
1066 2206 1140 2272 last.
1160 2208 1267 2272 1425:

138 2312 273 2396 oestipr‘u
292 2312 405 2395 fort'm
424 2311 487 2394 fert
507 2312 676 2388 taciturno,
698 2316 769 2375 tum
789 2329 871 2375 vers.
891 2312 948 2374 61:
972 2297 1138 2393 poenosae
1159 2314 1270 2394 stirpis

139 2415 297 2495 ememor,
320 2433 457 2506 quocum
486 2411 526 2480 cf.
549 2417 624 2480 met,
652 2413 684 2477 II
714 2418 792 2478 633:
837 2413 962 2479 divinoe
990 2411 1101 2496 stirpis
1130 2414 1266 2480 alumno.

137 2516 212 2582 Hoc
251 2517 380 2601 quidem
418 2516 539 2581 dictum
572 2517 638 2581 iam
676 2517 778 2601 magis
819 2518 962 2582 minusve
1005 2517 1046 2582 ad
1081 2517 1268 2584 usitatiores

137 2620 340 2685 imitationes
358 2623 493 2704 spectat,
517 2619 635 2703 quippe
649 2639 722 2684 cum
735 2618 821 2704 apud
835 2618 919 2684 alios
934 2639 1061 2702 quoque
1075 2621 1268 2704 reperiatur,

138 2729 178 2788 ut
201 2723 287 2806 apud
309 2722 437 2802 Silium;
461 2722 498 2788 cf.
520 2723 537 2787 1
561 2725 637 2788 106:
667 2723 820 2789 Cadmeae
841 2724 952 2805 stirpis
975 2723 1128 2790 ulmeos.

228 2843 320 2922 Quod
341 2844 426 2909 idem
447 2843 511 2909 dici
532 2847 643 2927 potest
664 2843 704 2909 de
725 2841 776 2908 his
798 2863 879 2910 vers,
904 2848 945 2909 75
973 2843 1083 2910 dictis:
1114 2847 1270 2928 oprimis

138 2950 233 3014 cuuis
255 2951 288 3014 et
302 2949 409 3032 fausto
427 2949 536 3028 omine,
559 2967 642 3030 quae
656 2946 762 3012 Ovidii
778 2947 923 3029 exemplo
942 2945 1116 3027 debentur3
1139 2949 1177 3015 cf.
1192 2953 1267 3014 met.

138 3050 192 3116 III
225 3056 302 3121 313:
336 3052 455 3134 primis
485 3054 576 3118 cocis
606 3051 718 3117 educat
755 3054 789 3116 et
818 3055 891 3118 met.
924 3051 969 3116 VI
999 3056 1078 3133 4483
1113 3051 1159 3117 IX
1191 3058 1267 3119 785:

136 3157 248 3239 fausto
269 3157 378 3220 omine.

229 3275 292 3342 Sed
305 3275 384 3341 haec
393 3275 433 3340 de
443 3273 556 3341 Ouidio
565 3273 737 3353 hactenus3
751 3293 904 3340 vocamur
917 3273 1032 3340 dehinc
1041 3274 1083 3340 ad
1093 3274 1269 3344 Statium.

141 3378 305 3445 Cuiusde
326 3378 382 3444 illo
405 3376 477 3443 loco
500 3375 600 3442 Theb.
622 3377 655 3441 ΙΙ
677 3378 756 3442 261:

270 3481 308 3548 ln
329 3501 437 3566 regem
458 3479 605 3547 conversi
625 3499 735 3546 omnes
757 3477 928 3546 formidine
949 3481 1054 3565 prima

270 3584 362 3652 Mox
383 3583 550 3650 audisse
572 3589 728 3670 negant

138 3688 304 3756 Patricius
325 3709 440 3773 nempe
461 3687 636 3772 cogitabat,
658 3708 730 3753 cum
753 3687 910 3754 scriberet
930 3707 959 3752 v.
981 3688 1039 3752 53:

271 3795 404 3876 Atque
427 3791 597 3858 audisse
618 3795 750 3875 putat.

228 3912 295 3978 Nec
326 3911 432 3977 miuus
462 3909 544 3975 illud
571 3933 600 3978 v.
633 3916 691 3978 282
721 3913 892 3979 mitissima
921 3912 1029 3978 dicore
1058 3911 1100 3977 ad
1129 3911 1270 3978 Statium

139 4018 292 4100 spectare
325 4013 469 4094 videtur,
506 4014 562 4098 qui
595 4013 678 4081 talia
712 4018 815 4094 amat3
852 4012 892 4082 cf.
929 4014 1005 4081 Silv.
1040 4013 1090 4080 III
1125 4019 1153 4096 3,
1191 4019 1269 4082 208:

137 4119 308 4185 mitissime
323 4122 473 4200 potrum
516 4115 591 4184 Silv.
614 4117 661 4182 111
688 4123 718 4198 4,
742 4122 799 4186 25:
827 4120 914 4183 mitis
935 4117 1022 4201 deos,
1052 4136 1188 4200 quocum
1208 4118 1270 4185 hoc

141 4220 306 4302 conferas,
329 4220 404 4288 Silv.
427 4218 473 4285 IV
496 4222 525 4301 6,
548 4222 605 4286 96:
626 4222 798 4305 fortssr‘nne
819 4221 934 4287 dicum.

230 4342 300 4420 Qua
333 4341 368 4406 in
401 4361 437 4407 re
470 4340 651 4408 hexametri
692 4340 838 4407 clausula
871 4339 985 4406 eodem
1025 4340 1120 4406 modo
1155 4339 1270 4408 effecta

137 4446 282 4512 maxime
303 4444 519 4512 imitationem
539 4444 672 4514 indicat.
718 4444 811 4524 Quod
831 4444 916 4511 idem
937 4442 1024 4510 valet
1045 4444 1084 4511 de
1105 4443 1163 4510 illo
1180 4468 1208 4514 v.
1229 4447 1270 4513 74
