3246 5296
653 537 810 678 ‘m

179 812 180 815 =
254 772 374 837 Verum
397 770 526 855 quidem
541 769 581 835 de
595 768 660 834 illis
674 767 782 834 verbis
796 790 824 835 v.
842 772 897 832 30:
923 767 1140 853 Zeplprlsque
1155 769 1299 834 remissis

171 877 294 943 Muleel
314 896 418 960 apros,
443 895 525 958 quse
556 879 643 940 certe
671 873 715 939 sd
743 873 830 938 bona
859 871 1005 955 exempla
1027 871 1190 937 Patricius
1213 892 1299 937 oom-

167 981 282 1066 posuit,
306 980 414 1046 666616
438 999 533 1063 quem
554 979 710 1063 imprimis
725 982 853 1044 secutus
868 977 920 1042 sit.
965 976 994 1041 N
996 997 1049 1043 am
1063 981 1097 1041 et
1110 975 1299 1060 Propertius

168 1083 272 1156 simile
293 1082 393 1149 habet
415 1083 525 1149 dicens
547 1081 592 1148 IV
617 1089 645 1161 7,
669 1086 725 1147 6οε

296 1203 449 1268 Muloet
470 1201 527 1266 ubi
549 1202 677 1286 Elysius
701 1221 802 1265 aura
824 1199 922 1265 beata
943 1221 1062 1268 rosas

167 1329 202 1390 et
225 1323 358 1390 Ovidius
380 1328 455 1390 met.
478 1323 493 1386 1
518 1327 594 1388 108:

433 1424 616 1510 placidique
638 1423 823 1509 tepentibus
846 1426 933 1489 auris

297 1531 536 1596 Mulcebant
558 1529 735 1614 Zephyri
758 1527 900 1594 flores.

253 1653 448 1723 Catullum
476 1672 552 1718 vero
580 1651 643 1716 hoc
677 1652 825 1716 imitatur
858 1673 887 1716 v.
914 1652 973 1717 13:
1009 1651 1136 1717 lacteoli
1154 1653 1220 1735 feto
1241 1674 1300 1739 po-

166 1757 255 1844 pillu.
304 1756 426 1823 Eadem
447 1757 530 1821 enim
551 1755 668 1833 versus}
683 1756 765 1820 seds'
780 1754 935 1837 scriptum
956 1755 1101 1820 videmus
1123 1755 1192 1821 Cat.
1215 1778 1240 1826 c.
1260 1764 1300 1824 64

169 1884 197 1928 v.
223 1863 278 1926 69:
309 1862 453 1927 lacteolis
480 1863 585 1926 uincla
605 1860 756 1946 papillas.
804 1856 864 1922 Hic
895 1857 1017 1941 aliquid
1046 1859 1167 1926 addere
1196 1862 1301 1945 liceat,

169 1966 258 2050 quod
280 1967 322 2031 ad
345 1965 451 2030 nostri
474 1963 675 2047 epithalamii
704 1966 847 2028 aetatem
875 1961 1067 2027 firmandam
1096 1961 1184 2030 haud
1210 1968 1302 2051 parvi

168 2071 323 2136 momenti
346 2075 405 2136 est.
450 2069 532 2133 Nam
554 2088 627 2133 cum
649 2069 682 2132 in
706 2066 892 2132 universum
914 2065 1029 2131 mirum
1060 2066 1162 2135 videri
1184 2078 1301 2157 potest,

170 2175 257 2258 quod
287 2175 458 2254 Patricius,
490 2195 585 2258 quem
622 2174 656 2237 in
686 2171 838 2254 Vergilic,
871 2171 993 2250 Ouidio,
1032 2171 1104 2240 aliis
1134 2173 1302 2242 imitandis
1425 2163 1426 2166 ¹

170 2279 301 2344 minime
337 2299 471 2364 parcum
507 2279 726 2360 cognovimus,
762 2276 901 2342 maxime
937 2275 1099 2341 Catullum
1134 2278 1304 2362 ignoravit,

170 2388 237 2448 tum
263 2383 350 2467 quod
372 2403 471 2446 unum
492 2382 586 2447 illum
606 2382 728 2460 florem,
759 2401 854 2464 quem
877 2380 996 2446 Catulli
1019 2380 1114 2446 horto
1137 2381 1241 2465 debet,
1264 2405 1304 2450 cx

171 2488 228 2553 illo
260 2487 465 2573 potissimum
498 2486 639 2552 carmine
672 2489 714 2550 64
745 2485 886 2572 carpsit,
919 2485 1040 2571 optime
1069 2485 1133 2551 hoo
1162 2507 1234 2553 cum
1266 2509 1303 2554 eo

171 2592 341 2672 consentit,
366 2589 452 2674 quod
475 2589 515 2655 de
538 2591 672 2655 Patricii
695 2595 804 2656 aetate
827 2588 934 2655 adhuc
956 2590 1129 2656 statuimus
1152 2592 1303 2676 quodque

171 2697 212 2763 de
235 2696 354 2762 Catulli
377 2695 554 2761 carminum
575 2695 738 2772 memoria,
764 2715 846 2776 quae
869 2693 1077 2760 inferioribus
1100 2696 1303 2782 temporibus

170 2799 278 2881 fuerit,
300 2805 411 2865 notum
436 2803 493 2865 est.
537 2799 620 2864 Nam
643 2798 728 2864 sicut
751 2796 870 2863 Catulli
892 2802 1000 2864 cetera
1022 2798 1167 2864 carmina
1190 2800 1303 2883 quinto

172 2903 304 2970 saeculo
327 2903 433 2968 minus
456 2904 542 2968 lecta
564 2902 715 2969 videntur
738 2923 820 2982 esse,
844 2901 893 2967 ite
915 2902 986 2966 sola
1008 2902 1153 2968 carmina
1176 2906 1302 2968 61-68

171 3009 297 3072 maiora
319 3008 417 3073 etiam
440 3013 519 3072 tunc
541 3009 644 3092 magis
666 3008 700 3072 in
722 3005 888 3071 hominum
910 3005 1058 3071 manibus
1081 3006 1182 3072 fnisse
1203 3030 1301 3096 prop-

171 3117 263 3178 terea
293 3111 557 3176 verisimillimum
587 3116 645 3189 est,
679 3110 765 3194 quod
796 3130 874 3195 prae
912 3109 1028 3176 ceteris
1058 3109 1124 3175 iam
1154 3112 1229 3177 inde
1260 3113 1322 3183 ab.

172 3217 310 3298 Augusti
332 3235 411 3280 aevo
433 3219 577 3280 veterum
599 3213 716 3280 studiis
732 3212 985 3294 obviafuerant3
1009 3213 1043 3278 id
1057 3213 1142 3297 quod
1155 3217 1303 3296 maxime,

170 3325 208 3384 ut
231 3319 329 3398 etiam
351 3319 462 3383 nostri
477 3317 617 3384 fortasse
638 3317 774 3383 Patricii
792 3338 853 3382 usu
871 3317 1088 3397 confirmatur,
1111 3317 1153 3382 ud
1175 3340 1302 3384 carmen

173 3424 214 3488 64
236 3423 418 3509 pertines).

258 3541 357 3610 Vides
381 3565 476 3628 quam
493 3544 575 3610 bene
593 3545 700 3611 omnia
717 3545 930 3626 consentiant,
953 3545 981 3611 si
998 3545 1175 3612 Patricium
1190 3549 1302 3630 quinto

171 3649 303 3716 sacculo
325 3648 513 3717 addicimus.

259 3769 412 3853 Sequitur
441 3790 539 3856 porro
568 3771 781 3853 Lueretius,
818 3791 913 3854 quem
942 3771 1112 3855 quinquies
1141 3771 1303 3837 Patricius

170 3873 301 3940 videtur
321 3873 468 3939 imitatus
490 3895 572 3942 esse.

211 4019 213 4024 ¹
258 3993 306 4058 Ac
327 3992 465 4079 primum
489 4015 560 4058 cum
582 3992 719 4079 fingeret
740 4016 852 4061 versus
876 3999 916 4059 26
940 4015 1026 4079 sqq:

259 4253 277 4322 ¹)
296 4253 392 4320 Itaque
410 4251 492 4305 valde
509 4252 654 4321 probanda
676 4257 719 4306 cst
736 4253 816 4307 Birtii
840 4251 985 4321 sententia,
1012 4253 1060 4322 qui
1076 4253 1118 4307 De
1142 4271 1173 4308 re
1191 4255 1303 4309 libraria

171 4357 198 4408 p.
218 4342 268 4394 291
288 4356 327 4407 sq.
347 4357 457 4392 carmen
475 4341 509 4393 64
526 4357 583 4393 666
607 4341 697 4395 solum
721 4341 898 4395 coniunctum
923 4357 986 4393 cum
1010 4342 1109 4394 ceteris
1128 4341 1302 4410 carminibus,

172 4427 223 4479 sed
241 4426 326 4479 etiam
343 4426 493 4495 separatim
510 4443 561 4496 per
585 4445 615 4481 sc
638 4428 747 4498 singulo
771 4428 842 4482 libro
866 4427 1060 4496 pervulgatum
1085 4445 1144 4481 esse
1161 4428 1300 4482 iudicavit.

172 4512 207 4565 cf.
226 4512 311 4565 etiam
328 4512 453 4566 Riesium
471 4513 507 4568 ad
525 4511 623 4567 Catull.
642 4533 668 4584 p.
688 4515 812 4570 XXXIH.

1124 4581 1125 4585 ¹
1147 4619 1164 4669 3
