3246 5296
676 557 831 652 —35—
858 537 859 544 ¹
958 571 961 580 r

186 742 317 828 quidem
338 744 410 809 aevi
434 741 535 809 fetum
560 763 630 809 esse
655 741 917 828 epithalamium,
947 742 1038 809 ouius
1061 748 1177 828 poetae
1203 744 1318 812 Silium

185 853 297 913 notum
331 845 432 912 fuisse
462 846 649 914 ridebimus.
708 847 830 914 Contra
861 847 998 913 maxime
1030 847 1144 932 quinto
1181 850 1318 930 saeculo,

186 950 229 1016 ad
251 971 350 1036 quam
372 953 512 1016 aetatem
541 947 659 1016 referri
682 971 814 1016 carmen
836 951 990 1032 volumus,
1021 949 1137 1016 Silium
1158 951 1193 1018 in
1214 952 1318 1020 homi·

146 1076 149 1082 *
185 1075 263 1120 num
292 1053 442 1119 manibus
477 1053 576 1120 fuisse
607 1058 707 1138 atque
739 1051 925 1139 frequenter
955 1054 1136 1122 lectitatum
1167 1076 1206 1122 ex
1232 1056 1319 1124 Vibii

186 1158 369 1248 Sequestris
391 1156 476 1222 libro
495 1159 622 1238 scimus,
645 1178 708 1242 quo
727 1159 901 1241 scriptores
918 1157 985 1223 illis
1003 1159 1205 1244 temporibus
1223 1182 1317 1245 prae·

189 1262 282 1346 cipue
304 1260 447 1326 lectitati
470 1259 701 1354 significentur.

273 1382 375 1466 Igitur
398 1402 483 1467 quae
505 1381 603 1449 Silii
625 1379 769 1448 Italici
792 1383 858 1448 sint
879 1383 1129 1466 expromendum
1152 1388 1209 1450 est.

272 1506 320 1570 Ao
337 1503 476 1588 primum
492 1504 581 1568 illam
595 1502 737 1568 Luciteri
755 1501 1023 1587 significationem
1035 1528 1062 1570 v.
1079 1509 1113 1569 6:
1137 1506 1318 1590 Cythereius

185 1611 271 1695 ipee's
293 1628 357 1673 non
380 1607 516 1692 sumpsit
533 1607 695 1673 Patricius
718 1607 847 1675 aliunde
871 1628 969 1692 quam
991 1629 1008 1674 e
1031 1608 1119 1690 Silio,
1143 1610 1237 1694 quil.
1256 1612 1318 1678 XII

187 1737 214 1780 v.
239 1719 301 1780 247
324 1713 418 1778 dicit:
447 1711 628 1796 (hjtheretas
649 1713 744 1797 iperio.
1109 1721 1113 1730 '

272 1835 385 1920 Neque
413 1833 564 1917 deinceps
587 1833 744 1901 Silianum
768 1834 889 1901 fontem
913 1835 1031 1901 occulit
1052 1859 1079 1900 v.
1103 1841 1161 1902 40:
1189 1858 1317 1921 respon·
1367 1839 1370 1845 '

186 1945 261 2006 seat
277 1944 429 2023 tympano
439 1940 550 2021 petae,
569 1956 706 2021 quocum
724 1934 765 2004 cf.
779 1938 873 2003 XVII
893 1943 946 2003 19:
965 1943 1150 2006 eeseeoete'e
1167 1946 1318 2026 tympana

181 2045 297 2127 palem·
327 2047 385 2107 aut
411 2065 439 2108 v.
463 2047 520 2106 83:
549 2043 735 2106 instauraret
759 2062 894 2125 pompae
921 2042 1084 2127 hamorem,
1114 2065 1251 2127 quocum
1276 2046 1316 2111 of.

186 2146 235 2212 ΙΙΙ
253 2151 331 2212 218:
356 2146 564 2212 Iastoerotes
580 2145 693 2225 hocca·
715 2149 774 2209 aut
791 2165 888 2228 porro
906 2168 934 2210 v.
954 2151 1012 2211 90:
1034 2153 1177 2230 repetent
1192 2170 1319 2216 ramore

189 2251 334 2331 Penates,
358 2267 494 2331 quocum
516 2243 556 2312 of.
580 2245 660 2312 XIII
684 2250 761 2312 386:
784 2254 925 2331 repetens
947 2255 1087 2315 extreme
1111 2250 1257 2318 Penates.

273 2352 397 2418 Deinde
418 2349 452 2417 in
474 2350 531 2416 illo
555 2369 682 2435 quoque
706 2351 793 2417 dioto
816 2374 843 2418 v.
868 2358 925 2418 34:
947 2355 1035 2436 repet
1052 2355 1183 2438 agmina
1199 2356 1318 2440 tiaras

186 2457 327 2524 fortasse
358 2455 516 2522 Silianum
551 2454 674 2539 aliquid
710 2475 905 2540 cognoscere
936 2456 1022 2523 licet.
1075 2457 1159 2523 Nam
1189 2460 1317 2543 saepius

186 2562 299 2629 eadem
320 2580 432 2626 versus
455 2559 531 2624 sede
554 2559 730 2642 eodemque
752 2558 904 2644 rhythmo
931 2559 1017 2644 apud
1039 2560 1152 2627 Silium
1180 2562 1318 2645 legitur:

185 2668 274 2750 repit
294 2666 439 2748 egeatem
461 2659 579 2730 otvlr
595 2665 672 2727 116:
695 2665 783 2746 repet
799 2665 930 2748 agmine
952 2685 1064 2746 cursa·
1086 2665 1212 2734 X1042
1231 2669 1319 2751 repet

185 2771 317 2854 agmine
337 2772 437 2833 actos.

271 2889 354 2954 Item
377 2908 424 2965 ea,
449 2886 610 2972 quamde
634 2887 737 2970 gloria
754 2887 914 2955 Patricius
930 2891 1129 2973 pronuntiat,
1156 2893 1319 2958 sententia

185 3014 204 3060 e
236 2993 314 3060 Silio
345 3011 495 3058 manasse
522 2989 667 3073 ridetur3
698 2991 857 3057 Patricius
887 3015 915 3057 v.
948 2998 1005 3062 70:
1039 2996 1107 3061 erit
1127 2996 1337 3078 praecordio·

182 3099 323 3182 (lammis
345 3097 460 3163 Gloria
475 3099 509 3160 et
528 3095 624 3162 Silius
642 3116 712 3161 oum
727 3096 864 3179 gloriam
883 3095 987 3163 facem
1006 3097 1150 3182 appellat
1162 3098 1319 3165 honestae

184 3202 303 3267 mentis
325 3198 371 3266 VI
395 3203 471 3265 332:
504 3202 662 3282 tramtque
683 3201 788 3265 mrem
807 3201 867 3284 fae
888 3203 1001 3267 aare
1022 3202 1167 3269 boemiae
1194 3203 1316 3283 Gloria,

184 3309 255 3372 tum
289 3323 425 3387 prorsus
460 3301 608 3368 similiter
640 3306 753 3368 nostro
784 3303 864 3370 dicit
894 3304 986 3370 XVII
1019 3309 1096 3372 294:
1138 3307 1317 3390 deemisqee

184 3408 297 3474 arebat
311 3411 442 3490 pectore
458 3405 609 3487 ‘floeneeta

277 3526 369 3605 Quod
393 3545 465 3591 oum
488 3524 570 3590 alias
593 3544 722 3610 quoque
750 3527 962 3593 invenerimus
984 3531 1022 3592 ut
1044 3528 1131 3611 apud
1152 3534 1317 3597 auctorem

185 3630 281 3696 Hero.
305 3629 375 3697 Oet.
397 3649 426 3694 v.
450 3630 527 3694 620:
556 3630 624 3695 eret
643 3631 794 3696 miserem
814 3631 920 3715 glorio
941 3637 1069 3714 pectus,
1098 3634 1137 3698 de
1166 3655 1204 3700 eo
1229 3635 1316 3701 idem

183 3734 313 3801 videtur
333 3733 451 3813 valere,
475 3732 648 3818 quodiam
671 3755 771 3820 supra
792 3734 832 3800 do
850 3734 1045 3820 quibusdam
1068 3751 1088 3802 a
1109 3741 1213 3821 poetIs
1234 3737 1316 3805 infe-

183 3839 280 3905 rioris
302 3837 423 3903 aetatis
446 3838 573 3920 saepius
594 3839 743 3922 repetitis
766 3838 916 3906 dictionis
938 3839 1083 3908 flosculis
1105 3841 1263 3908 diximus,

274 3958 427 4025 ceterum
449 3958 586 4024 maximo
609 3957 730 4025 talibus
753 3979 792 4024 ex
813 3960 892 4026 locis
914 3961 949 4028 in
970 3961 1152 4028 universum
1173 3963 1334 4028 laomen·-

183 4061 308 4128 tissime
337 4065 488 4146 apparet,
511 4082 608 4147 quern
631 4062 712 4129 bene
741 4065 848 4131 nostri
870 4063 1070 4149 epithalamii
1096 4067 1246 4134 dictionis
1267 4069 1316 4133 in·

184 4166 275 4232 doles
310 4165 353 4230 ad
390 4163 498 4247 illius,
534 4186 632 4250 quam
671 4167 773 4233 statui
811 4167 973 4250 volumus,
1020 4171 1138 4237 aetatis
1176 4170 1316 4258 effigiem

289 4273 331 4334 et.

184 4268 341 4440 quadliam
363 4377 478 4454 restat,
500 4377 538 4439 ut
552 4372 734 4461 complures
749 4395 820 4440 cum
835 4375 1055 4445 Nemesiani
1069 4380 1102 4443 et
1116 4378 1314 4464 Calpurnii

184 4475 313 4544 dicendi
332 4474 516 4543 rationibus
539 4475 765 4545 similitudines
787 4477 928 4545 breviter
948 4478 1159 4547 illustremus.

1155 4601 1193 4655 3*
