3246 5296
686 475 840 570 *rr*

284 659 320 723 In
349 659 404 724 illo
432 658 571 745 denique
591 681 619 728 v.
646 663 700 726 36:
730 663 823 744 aqum
844 664 1066 748 stagnantibus
1095 686 1212 730 curma
1233 685 1328 733 voca-

198 761 311 827 bulum
339 767 490 847 stupuere
517 763 684 829 transitive
711 770 908 851 usurpatum
937 770 1002 846 est,
1035 768 1122 852 qued
1153 767 1236 834 alias
1265 790 1329 835 non

198 866 368 934 invenitur.
410 867 562 933 Feliciter
583 866 822 935 Wemsdorfius
844 871 911 936 iam
931 871 1104 938 Claudiani
1123 872 1260 938 similem
1282 872 1327 937 lo-

199 990 271 1034 cum
293 972 494 1057 comparavit
516 993 601 1040 cons.
624 973 721 1039 Prob.
747 977 823 1040 151:

328 1073 493 1154 Quantum
515 1081 662 1161 stagna
684 1075 764 1160 Tagi
786 1077 922 1144 rudibus
945 1079 1164 1146 stillantia
1183 1082 1272 1146 venis

325 1177 546 1248 Effluxere
568 1180 708 1262 decus,

197 1282 253 1349 ubi
267 1284 417 1367 effluam
431 1283 568 1350 eundem
588 1306 717 1352 sensum
734 1285 874 1372 praebet
889 1308 985 1371 quem
1002 1288 1063 1354 hoc
1080 1289 1151 1354 loco
1168 1294 1328 1374 stagnare.

166 1411 173 1424 ·
196 1386 264 1451 Nec
284 1391 353 1452 tam
374 1388 483 1471 inepte
505 1386 648 1454 videmur
676 1395 793 1473 putare
815 1390 1009 1470 Patricium,
1039 1412 1133 1477 quem
1157 1392 1328 1458 Claudiani

195 1491 393 1556 imitatorem
421 1490 503 1557 satis
528 1494 750 1576 cognovimus,
783 1514 821 1557 ex
851 1492 918 1560 illis
947 1495 1050 1560 tribus
1075 1495 1180 1562 verbis
1211 1502 1328 1580 stagno

195 1595 353 1660 salientia
388 1595 537 1678 &fluxae
565 1616 600 1660 re
628 1595 661 1659 in
690 1616 788 1660 unum
818 1598 952 1663 redacta
983 1597 1140 1666 formasse
1176 1605 1327 1683 stagnare

196 1698 309 1764 eodem
332 1697 464 1782 quidem
482 1719 578 1765 sensu
601 1720 639 1764 ac
660 1701 839 1785 stopaando
861 1703 1027 1784 effundere.

281 1800 372 1868 Idem
389 1800 548 1868 audacter
566 1802 711 1869 formans
724 1803 857 1869 Patrieii
874 1805 1037 1888 ingenium
1055 1804 1143 1892 sapit
1155 1805 1217 1871 hoc
1227 1826 1255 1870 v.
1273 1809 1311 1869 17
1318 1827 1325 1868 ε

196 1911 356 1973 ostentans
373 1925 581 1989 recessusque
597 1907 745 1988 membro,
770 1909 855 1972 sicut
872 1907 1035 1993 eleganter
1052 1915 1151 1995 poeta
1170 1907 1327 1974 lascivum

195 2010 356 2097 expressit
384 2030 529 2090 sensum,
560 2031 697 2094 quocum
728 2011 849 2097 optime
878 2018 1084 2098 comparatur
1111 2010 1193 2079 illud
1221 2011 1325 2097 Repo-

194 2115 278 2180 siani
300 2113 477 2196 (Baehrens
499 2115 536 2178 P.
559 2115 595 2180 L.
617 2113 661 2184 Μ.
684 2113 728 2180 Ν
753 2120 826 2197 352)
849 2136 877 2181 v.
902 2121 979 2182 101:

321 2215 416 2283 Nunc
437 2222 543 2285 vestes
565 2218 695 2285 fluitare
719 2219 827 2285 sinens
850 2220 904 2284 vix
924 2219 1015 2286 lassa
1036 2224 1187 2300 retentat,

323 2319 403 2387 Cum
426 2342 483 2389 neo
506 2327 577 2389 tota
599 2324 683 2389 latet
704 2344 763 2390 nee
785 2330 892 2389 totum
913 2323 1016 2390 nudat
1038 2345 1190 2391 amorem.

279 2425 398 2492 Mirum
420 2431 528 2491 autem
550 2424 702 2491 dictionis
724 2427 944 2513 phantasiam,
973 2428 1001 2494 si
1023 2430 1084 2496 hoe
1107 2428 1171 2493 diei
1193 2428 1243 2494 fas
1266 2433 1325 2508 est,

192 2533 227 2598 in
248 2533 310 2599 hoc
331 2531 545 2616 vestigamus:
568 2554 596 2596 v.
620 2538 657 2597 71
685 2533 757 2598 tous
779 2533 818 2598 ab
841 2534 963 2600 excelso
985 2555 1057 2600 once
1079 2538 1234 2600 manabat
1254 2534 1323 2598 tter.

194 2639 340 2717 Quadrat
361 2636 396 2701 in
419 2633 628 2719 allegoricam
647 2657 666 2701 a
683 2639 755 2701 toto
774 2636 915 2701 carmine
934 2657 998 2722 non
1016 2637 1154 2702 alienam
1173 2635 1323 2721 speciem.

193 2742 315 2808 Tamen
343 2739 561 2805 Baehrensius
592 2744 783 2825 corruptum
817 2760 887 2806 esse
916 2741 1022 2806 locum
1052 2741 1236 2826 suspicatus
1267 2742 1324 2804 est.

192 2846 237 2911 At
273 2845 358 2912 hanc
392 2843 497 2910 celsae
529 2845 612 2910 arcis
643 2842 806 2910 fictionem
836 2864 901 2909 nen
930 2866 1067 2931 prorsus
1098 2846 1274 2915 abhorrere
1305 2866 1325 2910 a

192 2955 336 3016 veterum
365 2954 536 3036 poetarum
563 2948 692 3033 ingenie
723 2949 842 3014 docent
869 2970 921 3014 me
950 2951 1054 3036 ipsius
1076 2949 1204 3016 Barthii
1225 2949 1324 3014 verba

191 3054 227 3120 in
240 3054 317 3122 hdr.
332 3054 388 3122 lib.
403 3053 461 3118 LX
477 3061 491 3118 1
510 3057 553 3140 (p.
569 3057 675 3134 2827),
695 3052 752 3119 ubi
771 3052 810 3119 de
825 3075 901 3119 voce
920 3055 1069 3120 celsitudo
1086 3054 1128 3119 ab
1144 3055 1323 3138 Augustino

191 3163 351 3245 usurpata
369 3156 670 3222 commentariolum
688 3155 783 3223 facit:
809 3156 881 3239 „Sic
898 3158 1018 3223 celsam
1036 3155 1197 3242 quandam
1216 3176 1324 3221 arcem

192 3260 376 3348 Sapientiae
394 3259 585 3326 adscribunt
603 3264 736 3340 veteres,
755 3261 790 3326 in
808 3281 846 3326 ea
865 3281 944 3346 esse,
963 3261 1020 3346 qui
1033 3262 1176 3326 humana
1189 3266 1324 3347 possent

192 3369 426 3432 contemnere.“
480 3363 582 3429 Affert
613 3363 769 3430 Barthius
800 3364 841 3430 ad
870 3384 940 3429 rem
968 3363 1197 3430 illustrandam
1224 3363 1323 3430 Statii

190 3469 300 3536 locum
322 3468 397 3536 Silv.
420 3468 452 3532 II
476 3473 505 3547 2,
531 3473 606 3532 131:

623 3571 739 3638 celsa
760 3576 798 3636 tu
819 3573 937 3637 mentis
960 3571 1008 3638 ab
1032 3592 1125 3637 aree

319 3677 432 3763 Decipi
454 3683 601 3743 errantes
623 3677 828 3760 humanaque
851 3675 970 3759 gaudia
991 3677 1078 3742 vides

190 3789 224 3848 et
249 3779 420 3847 Claudiani
445 3801 530 3848 oens.
554 3780 642 3848 Mall.
667 3781 759 3848 XVII
784 3786 817 3845 l:
849 3801 887 3846 ca
916 3781 984 3847 otto
1011 3782 1161 3848 montotto
1191 3782 1322 3868 despicit

191 3907 264 3951 circe
295 3907 337 3952 sc.
370 3884 481 3950 virtus.
540 3885 611 3951 Huc
641 3883 810 3951 addendus
841 3885 968 3950 videtur
998 3886 1097 3950 etiam
1128 3885 1180 3952 hio
1213 3886 1321 3953 locus:

191 3991 275 4056 Ciris
301 3996 341 4055 14
363 3992 393 4056 sc'
414 4011 463 4056 mc
482 3992 550 4055 iam
571 4011 697 4056 sunone
722 3990 890 4076 Sapientia
912 3997 1064 4076 pauperet
1085 4011 1166 4057 arce.

276 4093 425 4159 Omnium
447 4097 566 4173 autem,
589 4114 673 4178 qnae
694 4094 729 4159 in
747 4094 889 4160 carmine
912 4094 1062 4160 adhibuit
1082 4098 1188 4181 poeta,
1217 4095 1321 4161 rario-

188 4218 262 4262 rum
275 4197 446 4263 verborum
459 4198 599 4262 maxime
617 4197 733 4263 miram
750 4198 886 4284 praebet
904 4200 1043 4285 speciem
1060 4221 1121 4266 vox
1142 4198 1318 4281 „deliria“

188 4301 222 4364 in
243 4301 304 4367 hoc
325 4323 420 4368 versu
444 4303 527 4388 (37):

317 4405 493 4472 Exsultant
514 4405 722 4492 Dryadum
745 4405 857 4474 faciles
880 4406 1038 4475 deliria
1059 4408 1173 4475 Fauni.
