3246 5296
691 504 846 600 —m—

203 711 314 756 versus
345 691 475 776 legerit,
519 689 664 774 desipere
695 689 844 754 videatur
875 687 1117 772 epithalamium
1148 689 1234 756 illius
1266 710 1335 754 esse

204 793 399 859 existimans.

290 895 398 973 Quare
430 894 472 960 ad
501 891 731 977 explorandam
762 892 914 958 carminis
945 895 1087 958 aetatem
1120 891 1208 958 aliud
1241 913 1334 977 argu-

202 1000 346 1062 mentum
367 998 402 1060 in
424 995 566 1062 medium
587 993 792 1079 proferamus
815 1000 1025 1078 quaerentes,
1054 1016 1130 1060 num
1154 994 1232 1080 quid
1255 997 1335 1062 certi

203 1119 251 1164 ex
279 1119 524 1182 sponsorum
553 1099 791 1163 nominibus
814 1097 989 1183 Auspicii
1012 1097 1227 1180 clitellae,
1257 1120 1334 1181 qus-

202 1221 275 1266 rum
297 1203 431 1285 nuptiae
454 1201 666 1286 epithalamio
689 1200 904 1281 celebrantur,
926 1200 1074 1266 concludi
1095 1202 1209 1281 possit.

289 1305 338 1368 Ex
360 1305 503 1370 carmine
525 1305 595 1387 ipso
618 1324 691 1367 cum
712 1303 775 1368 hoc
796 1306 924 1368 tantum
946 1308 1075 1369 constat
1093 1303 1279 1386 Auspicium
1303 1308 1336 1369 et

203 1406 326 1471 Aellam
350 1427 389 1471 ex
406 1407 573 1471 Romanae
594 1407 771 1472 iuventutis
793 1407 989 1488 primatibus
1012 1405 1122 1486 fuisse,
1146 1413 1215 1473 tum
1232 1410 1334 1474 nomi-

202 1511 297 1576 nibus
326 1512 424 1594 ipsis,
452 1511 610 1593 imprimis
633 1511 848 1592 Auspicio,
877 1513 981 1578 inesse
1004 1511 1145 1593 videtur,
1175 1511 1262 1595 quod
1292 1513 1334 1577 ad

203 1615 363 1699 sequioris
387 1614 506 1680 aetatis
528 1635 623 1679 usum
645 1619 777 1698 spectet.

289 1720 335 1782 Ac
368 1717 510 1801 primum
539 1717 726 1801 Auspicii
762 1737 880 1782 nomen
909 1716 1083 1783 secundum
1113 1723 1263 1784 naturam
1294 1720 1334 1784 ab

203 1843 321 1886 aureae
348 1819 522 1886 latinitatis
552 1819 751 1902 temporibus
778 1820 921 1886 alienum
955 1841 1027 1885 esse
1059 1821 1198 1899 elucet.¹)
1253 1821 1336 1886 Nam

202 1924 283 1989 talia
305 1929 341 1988 ut
364 1924 510 2008 Auspicii
538 1924 670 1989 nomina
697 1925 846 2007 propria,
876 1943 1014 2005 quocum
1043 1923 1237 1989 conferenda
1260 1930 1336 1989 sunt
1376 1997 1385 2014 .

202 2027 333 2092 uomina
361 2030 398 2090 ut
427 2024 601 2105 Praesidii,
631 2024 801 2108 Principii,
833 2023 983 2103 Consilii,
1013 2024 1189 2106 Desiderii,
1220 2026 1334 2107 studii,

202 2129 352 2195 Memorii
373 2129 440 2194 alia
462 2128 634 2207 eiusmodi,
664 2128 699 2194 id
720 2127 844 2194 habent
866 2149 1049 2208 commune,
1079 2131 1165 2210 quod
1194 2129 1336 2195 formata

202 2255 242 2298 ex
271 2232 472 2315 appellativis
502 2232 656 2314 originem
687 2232 850 2297 duxerunt
879 2253 895 2296 e
924 2234 1056 2316 proprio
1085 2233 1141 2298 illo
1171 2254 1211 2298 ac
1239 2255 1334 2316 prae·

201 2337 295 2419 cipue
331 2335 433 2418 ipsius
469 2335 626 2419 sequioris
664 2334 783 2401 aetatis
818 2334 956 2418 ingenio.
1014 2335 1184 2401 Pertinent
1219 2337 1261 2402 ad
1296 2359 1336 2402 ea

199 2439 331 2505 nomina
351 2437 500 2520 propria,
532 2458 615 2521 quae
638 2439 678 2502 ab
702 2437 886 2502 nominibus
909 2437 1043 2521 antique
1067 2440 1219 2505 Romanis
1242 2440 1336 2506 facile

201 2542 445 2626 distinguuntur
468 2544 650 2625 assigna
673 2541 782 2607 vocari
805 2543 922 2607 solent.

287 2645 377 2710 Sicut
412 2650 520 2710 autem
551 2646 711 2728 Auspicii,
750 2647 839 2711 cuius
875 2645 1008 2728 nuptiae
1044 2651 1157 2711 nostro
1194 2647 1336 2712 carmine

202 2749 419 2830 celebrantur,
449 2752 590 2814 aetatem
620 2769 658 2814 ac
681 2749 872 2833 dignitatem
895 2750 1024 2815 omnino
1049 2750 1201 2816 neniam
1223 2769 1336 2834 possu-

201 2875 272 2918 mus
286 2854 459 2932 destinare,
478 2853 527 2917 ita
545 2857 655 2918 tamen
669 2853 756 2938 quod
770 2853 897 2937 quidem
913 2853 952 2918 de
966 2852 1101 2932 nomine,
1120 2872 1185 2936 quo
1198 2854 1337 2918 maxime

200 2976 278 3021 aevo
297 2956 455 3020 usitatum
474 2953 585 3036 fuerit,
609 2955 713 3020 adhuc
731 2955 946 3038 cognovimus,
965 2955 999 3020 id
1018 2957 1100 3020 satis
1118 2955 1336 3036 confirmatur,

201 3079 274 3123 cum
295 3059 438 3124 videmus
459 3058 547 3123 idem
569 3058 642 3124 aliis
665 3059 810 3124 eiusdem
833 3059 951 3124 aetatis
972 3059 1050 3123 viris
1073 3058 1181 3123 fuisse.

287 3161 525 3244 Auspicium
541 3161 645 3226 virum
662 3161 914 3244 praefectorium
932 3161 1063 3226 ineunte
1078 3161 1207 3226 saeculo
1223 3163 1337 3245 quinto

200 3264 234 3328 in
253 3263 364 3329 Gallia
386 3262 487 3328 fuisse
510 3285 548 3329 ex
567 3263 701 3346 Sulpicii
720 3261 829 3329 Severi
848 3262 931 3330 Dial.
951 3264 998 3328 III
1017 3284 1043 3328 c.
1063 3271 1081 3328 7
1106 3264 1334 3348 cognoscimus.

200 3366 303 3430 Paulo
326 3372 402 3447 post
420 3366 644 3448 Auspicius
667 3365 1015 3450 episcopus-Tullensis
1032 3365 1152 3447 floruit,
1176 3367 1219 3432 ad
1241 3389 1337 3453 quem

200 3467 332 3552 scripsit
361 3467 513 3534 Sidonius
541 3469 739 3552 Apollinaris
769 3469 944 3552 epistulam
972 3469 1002 3533 X
1029 3468 1106 3535 libri
1127 3470 1197 3535 Vll.
1247 3470 1336 3534 Idem

201 3570 629 3653 Auspiciammulierem
651 3577 810 3638 memorat
831 3572 887 3637 lib.
909 3573 953 3638 IV
977 3592 1026 3656 ep.
1051 3577 1101 3637 21.

288 3673 393 3756 Atque
429 3676 527 3740 etiam
564 3675 787 3759 inscriptionis
816 3674 1034 3741 testimonium
1064 3673 1235 3755 habemus,
1273 3695 1335 3758 quo

200 3794 316 3845 nomen
339 3776 484 3860 Auspicii
506 3783 664 3845 testatur:

289 3877 370 3944 CIL
392 3881 422 3945 X
445 3885 546 3946 4032:

340 3983 374 4036 D.
392 3984 429 4036 M.
447 3983 561 4039 Aurelio
579 3986 757 4054 Auspicio
775 3986 832 4039 filio
851 3985 1011 4039 dulcissimo
1029 3989 1167 4053 parentes.

287 4067 533 4151 Auspiciola
562 4076 687 4151 autem,
717 4092 833 4136 nomen
863 4069 1008 4153 puellae,
1040 4071 1127 4153 apud
1151 4069 1336 4135 Salviacum

202 4169 297 4254 epist.
319 4171 366 4235 IV
389 4170 517 4256 legitur.

201 4328 408 4340 ——2—

289 4409 308 4480 ¹)
327 4410 361 4463 cf.
379 4410 563 4467 Wernsdoriii
580 4413 666 4483 praef.
686 4414 722 4467 ad
740 4413 852 4483 epithal.
889 4413 918 4467 P.
937 4415 968 4468 L.
986 4413 1024 4467 M.
1044 4411 1082 4467 IV
1099 4413 1115 4466 2
1133 4429 1160 4482 p.
1178 4413 1236 4464 472.
