3246 5296
721 528 875 627 3³„

235 719 354 799 elucet,
382 716 471 803 quod
498 715 610 784 eadem
640 717 706 782 lere
734 716 859 782 dicendi
887 715 1014 781 ratione
1036 733 1224 797 sponsorum
1246 713 1359 780 laudes
1441 759 1456 788 .

236 841 306 888 cum
322 820 417 900 fictis,
439 839 521 906 quae
543 819 745 899 antecedunt,
769 824 802 884 et
819 819 871 884 hic
888 818 1007 885 stillio
1025 821 1244 886 conectuntur.
1280 817 1358 882 Dico

236 943 362 990 versum
384 922 555 990 Claudiani
576 921 773 1007 epithalamii
797 927 852 987 21:

365 1025 444 1092 Cum
467 1026 575 1092 subito
598 1026 706 1091 varius
728 1025 834 1092 vicina
855 1024 977 1089 clamor
999 1024 1041 1091 ab
1064 1023 1153 1105 urbe,

237 1149 372 1214 quocum
395 1127 541 1195 conferas
563 1128 698 1194 Patricii
721 1127 922 1212 epithalamii
943 1148 1068 1194 versum
1090 1131 1130 1192 49
1154 1148 1218 1211 sq:
1252 1185 1255 1193 .

363 1230 425 1298 Hic
447 1232 554 1298 subito
575 1231 713 1298 volitans
736 1253 865 1316 sparsas
888 1251 1015 1296 rumore
1036 1250 1095 1314 per
1115 1230 1249 1296 umbras

363 1335 465 1402 Fama
487 1341 593 1400 movet
614 1340 737 1401 mentes
760 1335 947 1419 incertaque
969 1355 1132 1399 murmura
1153 1337 1272 1418 portat.

237 1437 417 1505 Similitudo
439 1438 568 1504 minime
589 1442 698 1523 potest
719 1439 841 1522 negari,
864 1438 1056 1522 praesertim
1078 1457 1150 1504 cum
1171 1437 1205 1501 in
1222 1441 1359 1521 utroque

237 1541 446 1625 epithalamio
481 1543 566 1608 sicut
599 1542 824 1608 antecedentes
860 1561 972 1606 versus
1002 1541 1036 1605 in
1068 1540 1145 1606 solis
1176 1537 1360 1606 fabularum

236 1648 381 1730 personis
398 1644 566 1731 pingendis
579 1651 756 1726 versentur,
773 1646 821 1710 ita
837 1645 1044 1729 insequentes
1058 1665 1170 1710 versus
1188 1644 1228 1710 de
1249 1643 1360 1709 eadem

236 1771 272 1815 re
294 1755 407 1835 agant:
430 1750 471 1817 de
493 1749 667 1836 Hymenaei
688 1769 829 1833 persona
851 1747 1029 1814 narrationi
1049 1747 1228 1814 inserenda.
1260 1748 1360 1812 Porro

237 1856 346 1919 autem
367 1853 402 1918 in
424 1873 462 1918 eo
484 1853 619 1919 Patricii
641 1853 880 1936 epithalamium
902 1873 972 1917 cum
995 1849 1164 1917 Claudiani
1190 1852 1360 1931 consentit,

237 1958 324 2041 quod
348 1956 452 2024 Venus
475 1955 695 2042 Hymenaeum
716 1955 822 2020 verbis
851 1952 996 2038 appellat
1023 1958 1122 2036 atque
1148 1953 1272 2037 pariter
1293 1953 1360 2019 fere
1414 1954 1417 1959 ’

236 2065 354 2140 monet,
377 2080 417 2125 ne
438 2065 604 2127 maternae
625 2058 800 2143 pudicitiae
822 2058 916 2124 nimis
934 2057 1071 2123 studeat.
1106 2056 1256 2140 Legimus
1274 2056 1361 2141 apud

238 2161 451 2230 Claudianum
475 2172 512 2243 (v.
535 2168 577 2228 45
600 2169 700 2247 sqq.):

556 2265 712 2331 maternis
735 2285 908 2347 numquam
931 2263 1093 2330 satiabere
1116 2264 1208 2330 donis

363 2369 479 2435 Dedite
500 2389 663 2435 musarum
685 2368 794 2434 studio
817 2359 1013 2451 nimiumque
1030 2368 1158 2452 parenti

364 2473 497 2539 Aemule
928 2487 930 2491 ·

237 2578 324 2643 etin
346 2582 458 2644 nostro
481 2575 687 2658 epiHaIamio
711 2581 750 2655 (v.
774 2577 814 2640 81
838 2582 913 2657 sq.):

553 2678 686 2743 nimium
709 2677 852 2743 studiose
874 2677 1006 2761 pudoris

364 2782 530 2849 Maternus
553 2781 695 2861 nimium,
718 2802 807 2865 puer,
830 2779 1012 2865 amplexato
1034 2779 1165 2865 rigores.

236 2887 302 2954 Ubi
322 2887 422 2953 etiam
442 2886 541 2952 latius
563 2889 656 2970 patet
678 2904 859 2950 consensus.
894 2883 1020 2950 Etenim
1044 2882 1130 2967 apud
1150 2883 1361 2950 Claudianum

237 3011 364 3075 quoque
393 2991 531 3075 primum
563 2988 650 3055 solus
681 2986 882 3073 Hymenaeus
911 3006 983 3052 rem
1015 2991 1169 3070 gesserat,
1192 2989 1361 3072 postmodo

238 3094 361 3160 accedit
383 3092 491 3158 Venus
514 3094 604 3177 operi
625 3091 785 3157 faciendo.
795 3091 817 3170 1)

322 3198 440 3262 Verum
469 3197 498 3262 si
525 3197 612 3262 locos
641 3195 735 3260 modo
764 3198 959 3260 memoratos
989 3194 1171 3260 accuratius
1193 3215 1361 3279 compara-

236 3322 317 3383 mus,
338 3322 380 3366 ne
401 3301 436 3366 id
458 3300 586 3386 quidem
608 3319 667 3364 nos
690 3298 794 3381 fugiet
813 3297 919 3363 verbis
936 3298 1041 3364 inesse
1060 3297 1192 3383 aliquid,
1216 3299 1302 3385 quod
1320 3301 1361 3366 ad

237 3424 428 3470 consensum
450 3403 609 3488 quendam
631 3400 782 3467 dictionis
805 3400 975 3485 pertineat.
1012 3401 1074 3467 Sed
1097 3402 1182 3468 tales
1200 3408 1233 3468 et
1250 3402 1362 3469 dictio-

235 3508 287 3572 nis
305 3512 363 3572 aut
380 3507 542 3572 variarum
559 3505 735 3589 figurarum
756 3511 788 3570 et
809 3504 1000 3570 elocutionis
1023 3504 1246 3572 similitudines
1264 3506 1363 3573 etiam

235 3609 345 3694 plures
370 3608 540 3675 ostendere
563 3628 744 3693 possumus.
788 3606 985 3673 Referuntur
1012 3612 1118 3674 autem
1147 3628 1205 3674 eae
1234 3609 1361 3675 omnino

236 3713 278 3778 ad
297 3709 526 3777 Claudianeam
548 3711 677 3778 dicendi
697 3712 855 3777 rationem
876 3730 979 3795 neque
1001 3710 1035 3775 in
1051 3709 1113 3777 hoc
1136 3709 1204 3776 solo
1221 3710 1361 3786 Palladii

236 3820 270 3880 et
291 3814 458 3882 Celerinae
480 3814 686 3898 epithalamio
708 3815 923 3899 reperiuntur.
1103 3799 1108 3809 ’

321 3919 364 3984 lis
394 3939 476 4001 quae
499 3923 677 4010 sequuntur
704 3916 785 3983 satis
806 3917 909 3983 multa
930 3916 1074 4000 exempla
1096 3914 1245 3997 afferam,
1276 3938 1361 4001 quae

235 4026 367 4108 praeter
400 4025 541 4089 minores
576 4023 619 4088 ad
649 4043 741 4088 usum
777 4021 974 4107 singulorum
1005 4019 1165 4086 rariorum
1192 4021 1363 4086 verborum

235 4126 434 4212 pertinentes
470 4124 694 4208 similitudines
727 4125 884 4209 imprimis
919 4122 1064 4189 notanda
1098 4121 1177 4188 mihi
1205 4121 1362 4189 videntur.

237 4229 392 4297 Conferas
415 4229 509 4296 haec:

323 4387 341 4456 ¹)
360 4385 394 4440 cf.
412 4385 494 4438 Bhtii
510 4385 631 4440 indicem
649 4383 847 4440 Claudianeum
865 4401 886 4437 s.
904 4400 930 4437 v.
949 4381 1056 4451 Venus,
1080 4382 1129 4435 uhi
1153 4382 1233 4454 plura
1258 4382 1362 4440 dehac

237 4489 268 4528 re
285 4487 418 4529 mvemes.
