3250 5290
381 731 504 811 Quibus
522 730 677 814 expositis
694 751 794 797 unum
811 729 936 816 aliquid
953 728 995 796 dc
1012 729 1138 797 tradita
1151 731 1305 798 carminis
1320 728 1427 796 forma

297 834 480 902 addendum
502 833 637 901 videtur.

381 953 535 1022 Barthius
564 953 665 1034 enim,
695 973 791 1037 quem
812 952 1053 1021 Wernsdorfius
1083 961 1212 1022 secutus
1241 961 1308 1036 est,
1338 953 1426 1039 frag·

296 1064 436 1124 mentum
467 1056 609 1141 appellat
638 1075 776 1125 carmen.
821 1059 936 1124 Nescio
965 1080 1105 1143 quonam
1134 1059 1220 1140 iure;
1250 1059 1314 1124 nisi
1343 1057 1426 1123 forte

218 1155 221 1161 ’
295 1183 336 1227 ex
363 1159 622 1227 membranarum
651 1166 771 1226 natura
799 1165 889 1228 corta
916 1162 1038 1228 indicia
1066 1161 1229 1242 hauserit,
1259 1161 1346 1246 quod
1374 1162 1427 1226 vix

294 1264 464 1332 verisimile
485 1263 665 1348 putandum
687 1268 745 1331 est.
789 1263 873 1330 Nam
892 1272 1065 1349 postquam
1084 1265 1144 1332 sub
1162 1265 1259 1331 finem
1276 1265 1426 1331 carminis

295 1370 405 1454 sponsi
414 1372 566 1453 exoptato
575 1365 704 1434 foedere
714 1367 876 1433 coniuncti
886 1389 957 1435 esse
967 1368 1045 1434 dicti
1055 1374 1139 1450 sunt,
1148 1375 1330 1453 postquam,
1340 1366 1427 1453 quod

296 1476 519 1557 ccrtepoetae
542 1471 681 1537 maxime
704 1470 868 1536 inanimo
893 1478 982 1556 erat,
1011 1492 1202 1556 sponsorum
1226 1472 1338 1538 laudes
1363 1473 1427 1537 iam

296 1582 394 1642 antea
410 1574 491 1641 sutis
509 1574 615 1640 dictae
634 1577 718 1655 sunt,
736 1575 891 1659 optimum
914 1572 1010 1641 finem
1032 1595 1160 1642 carmen
1182 1575 1283 1644 habet
1304 1575 1426 1641 verbis:

422 1694 466 1759 Et
486 1695 612 1780 patrios
634 1694 721 1759 laeto
743 1699 895 1778 repetant
915 1714 1045 1762 rumore
1067 1696 1217 1778 Penates,

424 1798 518 1864 Unde
540 1801 617 1863 ante
640 1817 699 1862 ora
720 1817 851 1862 suorum
873 1804 908 1864 et
930 1798 1038 1864 avitae
1058 1799 1093 1864 in
1116 1799 1247 1866 sedibus
1269 1798 1363 1864 aulae

423 1901 595 1967 Testentur
616 1897 716 1965 fixum
737 1897 862 1982 foedus,
873 1903 895 1983 ¹)
917 1900 1157 1985 thalamumque
1179 1905 1344 1967 coronent.

381 2024 487 2106 Igitur
500 2022 582 2088 bene
596 2021 807 2088 rotundatum
821 2029 871 2088 est
890 2043 1020 2088 carmen
1038 2043 1096 2088 nec
1109 2022 1238 2089 videtur
1256 2022 1298 2088 ad
1316 2021 1427 2086 orbem

296 2149 389 2194 suum
408 2125 639 2192 conficiendum
658 2126 831 2209 quicquam
849 2124 997 2207 deficere,
1017 2125 1103 2210 quod
1121 2131 1294 2210 praeterea
1306 2123 1428 2208 requiri

295 2232 411 2317 possit.
457 2229 564 2309 Quare
587 2227 675 2312 quod
697 2227 936 2294 Wernsdorfius
959 2229 1066 2294 addit:
1095 2236 1227 2311 cadero,
1249 2249 1330 2312 quae
1352 2228 1428 2294 celc-

296 2336 440 2401 hra'tutcm
457 2339 487 2399 et
501 2352 654 2418 pooapam
670 2333 858 2414 nuptiarum
874 2333 1059 2417 referebant,
1075 2336 1213 2416 periisse
1228 2333 1330 2398 moleri
1347 2329 1428 2396 nihil

296 2441 383 2523 cogit
403 2437 557 2522 probaro,
585 2435 775 2519 praesertim
806 2455 879 2500 cum
900 2456 941 2500 ne
964 2436 1100 2501 aliorum
1123 2436 1251 2521 quidem
1274 2434 1427 2501 similium

296 2544 476 2608 carminum
498 2539 646 2623 exempla
667 2539 787 2604 iustam
809 2559 942 2605 causam
963 2540 1150 2623 praebeant.
1192 2540 1325 2623 Semper
1343 2540 1426 2604 enim

296 2647 440 2712 videmus
476 2665 514 2710 eo
550 2644 620 2709 loco
652 2641 897 2726 epithalamium
928 2642 972 2708 ad
1003 2643 1123 2708 exitum
1154 2644 1335 2728 pervenire,
1370 2640 1428 2707 ubi

294 2771 484 2836 sponsorum
512 2745 696 2814 coniunctio
723 2747 804 2812 satis
832 2746 977 2832 perfecta
1004 2751 1103 2832 atque
1131 2747 1252 2813 osculis
1280 2745 1332 2812 vel
1359 2766 1427 2810 am·

293 2855 390 2939 plexu
414 2852 545 2918 firmata
569 2871 640 2916 esse
663 2850 750 2916 diota
773 2856 838 2931 ost,
870 2849 910 2917 cf.
935 2848 1105 2915 Claudiani
1127 2871 1175 2934 op.
1199 2851 1280 2918 Pall.
1304 2855 1338 2916 et
1361 2847 1427 2915 (iel.

293 2982 321 3023 v.
348 2959 515 3024 131-145
545 2957 579 3019 et
601 2952 725 3019 Sidonii
753 2973 802 3038 ep.
824 2954 893 3018 Pol.
915 2959 950 3021 et
971 2955 1070 3020 Arar.
1093 2954 1173 3036 (XV)
1194 2977 1222 3020 v.
1250 2959 1318 3036 199,
1348 2975 1426 3037 quo·

295 3081 367 3126 cum
389 3077 561 3142 componas
582 3055 687 3122 nostri
709 3077 835 3122 versum
858 3059 909 3124 86.

383 3285 498 3350 Restat
514 3286 553 3347 ut
570 3281 602 3346 in
621 3283 747 3350 artem
764 3283 975 3364 metricam,
995 3303 1092 3366 quam
1110 3281 1273 3365 Patricius
1291 3279 1427 3346 carmini

295 3387 459 3466 adhibuit,
490 3387 604 3471 paucis
632 3385 832 3467 inquiramus
863 3391 896 3452 et
924 3386 1103 3468 videamus,
1131 3410 1208 3453 num
1236 3392 1269 3452 et
1296 3388 1368 3470 ipsa
1396 3385 1427 3450 ei

294 3489 501 3574 respondeat,
525 3487 612 3572 quod
634 3486 675 3552 de
698 3487 852 3554 carminis
873 3493 1039 3556 vetustate
1062 3496 1160 3556 antea
1183 3489 1366 3557 statuimus.

380 3610 487 3694 Atque
502 3609 530 3673 si
542 3607 578 3671 iu
591 3607 775 3673 universum
790 3609 968 3693 nonaginta
982 3608 1064 3676 duos
1078 3610 1138 3675 hos
1151 3631 1263 3676 versus
1277 3608 1424 3674 heroicos

294 3713 515 3798 perspicimus,
539 3711 642 3794 primo
666 3710 784 3776 obtutu
806 3713 946 3796 optimae
963 3711 1114 3778 videntur
1136 3716 1321 3778 structurae
1344 3731 1424 3777 esse.

294 3816 363 3882 Nec
386 3815 521 3899 singulis
544 3812 729 3879 accuratius
751 3817 961 3898 pertractatis
984 3815 1157 3901 quicquam
1178 3815 1257 3881 mihi
1275 3816 1425 3894 occurrit,

295 3920 383 4006 quod
394 3940 531 4005 prorsus
546 3916 688 3984 offendat
701 3917 865 4003 talemque
877 3938 958 4003 prae
974 3939 1009 3985 ss
1023 3919 1108 3986 ferat
1117 3920 1257 4005 speciem
1265 3918 1424 3996 vitiosam,

294 4027 333 4089 ut
362 4022 513 4089 carminis
540 4020 622 4087 fides
650 4019 793 4090 labefiat.
843 4021 1005 4090 Nonnulla
1033 4029 1162 4090 tantum
1190 4024 1295 4089 minus
1322 4020 1426 4106 polita

382 4213 401 4283 ¹)
419 4213 462 4266 Ita
479 4212 532 4266 hoc
549 4212 610 4266 loco
628 4211 882 4282 interpungendum
900 4217 956 4282 est,
982 4213 1057 4282 qnod
1082 4230 1178 4267 omnes
1196 4213 1287 4266 adhuc
1305 4212 1424 4266 editores

295 4299 464 4366 omiserunt3
483 4315 547 4351 nam
560 4298 645 4352 verba
657 4304 780 4367 repetant
793 4301 822 4352 et
833 4305 962 4354 coronent
980 4301 1015 4354 ad
1028 4301 1142 4354 Amores
1160 4299 1310 4369 pertinent,
1328 4302 1425 4352 contra

295 4384 381 4439 verba
397 4384 469 4438 uodo
485 4390 548 4439 uoto
565 4399 667 4440 cra·
687 4384 830 4439 Tectcntwr
840 4385 931 4454 fictus
953 4384 1048 4451 foedus
1071 4403 1123 4453 per
1146 4382 1316 4455 παρένθεσιν
1339 4384 1423 4436 inter-

295 4471 387 4541 posita
405 4471 440 4525 de
458 4469 523 4524 solis
540 4471 671 4541 Auspicio
689 4473 718 4524 et
734 4470 815 4524 Aella
833 4471 969 4524 dicuntur.
