3246 5296
780 533 932 630 *aa*

380 719 427 783 Ac
447 721 584 803 primum
606 717 735 802 quidem
756 739 890 803 magnas
913 718 1071 804 quasdam
1090 718 1314 784 similitudines
1331 720 1416 783 inter

295 823 427 890 Patricii
449 829 482 889 et
504 822 706 893 Claudiani
728 822 855 889 dicendi
877 823 1035 889 rationem
1058 843 1127 888 esse
1146 823 1335 890 statuendas
1351 822 1414 888 iam

294 928 397 1011 primo
419 929 535 994 obtutu
557 932 701 1010 apparet,
723 927 771 992 ita
791 933 829 993 ut
852 928 1028 993 Patricium
1052 927 1221 993 Claudiani
1239 925 1417 1012 exemplum

294 1037 438 1097 secutum
460 1030 510 1096 vel
531 1031 694 1097 imitatum
715 1051 785 1098 esse
811 1029 905 1098 facile
929 1031 1052 1096 credas.
1096 1030 1186 1109 Quod
1214 1049 1250 1094 re
1273 1051 1348 1096 vera
1368 1030 1418 1094 ita

294 1155 329 1200 se
351 1133 473 1200 habere
494 1133 682 1216 videbimus,
705 1135 733 1200 si
754 1135 789 1200 in
810 1135 851 1200 iis
873 1156 956 1220 qnae
980 1139 1159 1219 sequuntur
1181 1135 1362 1200 accuratius
1382 1134 1416 1200 in

292 1238 376 1304 hanc
397 1260 466 1304 rem
486 1239 754 1324 inquisiverimus.

378 1341 450 1420 Qua
471 1341 504 1406 in
518 1363 554 1408 re
567 1341 629 1407 hoc
641 1342 914 1425 praemonendum
930 1341 1140 1409 videturesse
1153 1346 1275 1426 quanto
1290 1343 1414 1407 omnino

292 1467 401 1512 amore
432 1451 466 1513 et
495 1447 603 1512 studio
634 1446 804 1513 Claudiani
834 1447 979 1513 carmina
1006 1469 1063 1530 per
1094 1451 1198 1512 totum
1230 1446 1413 1529 quintum

292 1549 503 1617 saeculum
524 1556 701 1635 posteaque
729 1551 816 1616 lecta
845 1572 865 1615 a
891 1551 967 1616 viris
996 1551 1131 1617 eruditis
1159 1556 1254 1633 atque
1283 1549 1414 1615 laudata

292 1651 367 1718 sint.
411 1653 572 1735 Imprimis
596 1657 704 1719 autem
735 1654 877 1720 minores
898 1653 988 1720 illius
1011 1655 1081 1719 aevi
1108 1659 1225 1736 poetae
1248 1653 1415 1720 Claudiani

290 1755 418 1840 ingenio
441 1757 634 1822 serviebant.
679 1757 876 1823 Testimonio
895 1767 1099 1837 ealderman,
1123 1757 1207 1841 quod
1225 1757 1415 1823 inscribitur

290 1857 453 1926 Laudes
476 1859 685 1941 Herculis,
708 1861 798 1927 curius
827 1882 891 1926 non
923 1863 1025 1927 solum
1057 1861 1223 1941 dictionis,
1252 1861 1414 1926 variarum

289 1961 464 2046 figurarum
482 1967 515 2028 et
532 1963 711 2044 verborum,
733 1963 791 2029 sed
808 1965 911 2030 etiam
928 1966 1030 2030 totius
1048 1963 1289 2048 compositionis
1304 1962 1414 2029 simili-

289 2067 419 2133 tudines
450 2067 662 2135 Claudianum
699 2067 823 2133 fontem
861 2073 958 2151 atque
989 2070 1152 2152 exemplar
1190 2067 1337 2134 confiteri
1365 2069 1415 2134 vir

290 2172 405 2236 doctus
433 2170 675 2251 Baehrensius¹)
704 2171 945 2238 demonstravit.
991 2173 1094 2238 Simili
1124 2193 1198 2238 vero
1229 2169 1439 2238 condicione·

289 2274 402 2341 iisdem
425 2274 625 2358 temporibus
646 2279 793 2341 nostrum
812 2296 937 2358 quoque
955 2276 1198 2360 epithalamium
1220 2280 1325 2342 ortum
1343 2293 1413 2339 esse

289 2378 368 2443 mihi
391 2378 519 2463 quidem
541 2398 732 2460 persuasum
755 2384 820 2459 est,
850 2380 889 2444 de
919 2400 982 2462 quo
1010 2379 1096 2444 idem
1125 2378 1189 2444 dici
1210 2399 1305 2462 posse
1327 2377 1414 2462 quod

290 2483 330 2547 de
352 2482 501 2548 laudabas
523 2482 673 2548 Herculia
694 2503 778 2548 nunc
799 2482 973 2549 videamus.

375 2587 422 2651 Ao
434 2586 572 2670 primum
586 2586 724 2669 quidem,
739 2588 826 2672 quod
839 2588 882 2654 ad
899 2589 1245 2672 compositionem
1263 2583 1412 2650 carminis

289 2688 417 2769 attinet,
441 2687 612 2755 Claudiani
640 2690 883 2774 epithalamium
904 2691 1042 2757 Palladii
1070 2697 1103 2756 et
1126 2689 1289 2757 Celerinae
1310 2687 1412 2753 maxi-

289 2812 374 2857 mam
404 2791 645 2860 similitudinem
679 2793 824 2878 praebet.
877 2793 941 2860 Ubi
972 2795 1068 2860 simili
1097 2795 1244 2861 fabulosa
1274 2791 1412 2873 fictione,

289 2917 373 2980 quae
395 2895 435 2961 de
457 2897 571 2961 iisdem
596 2897 662 2962 iere
690 2897 839 2980 personis
867 2898 977 2963 eodem
1005 2899 1101 2963 modo
1128 2897 1314 2964 ludentibus
1337 2897 1412 2979 agit,

289 2997 412 3082 expleri
433 3000 574 3083 priorem
595 3001 747 3066 carminis
773 3007 899 3084 partem
919 3002 1070 3068 videmus.
1115 3003 1241 3068 Dicitur
1270 3001 1353 3068 enim
1374 3001 1414 3065 de

289 3103 413 3168 Venere
435 3107 533 3186 atque
551 3102 591 3168 de
610 3105 678 3169 eius
696 3104 877 3172 comitibus.
908 3104 1145 3171 Enumerantur
1168 3107 1293 3173 Idaliae
1307 3106 1413 3188 fama

289 3205 339 3272 lac
361 3211 398 3285 (v.
419 3207 461 3286 8),
482 3207 597 3289 tralatae
619 3206 737 3273 Gratia
754 3213 793 3287 (v.
813 3213 854 3288 9),
870 3212 1005 3291 pcccati
1016 3213 1113 3294 paeri
1134 3218 1171 3302 (y.
1192 3212 1253 3290 10),
1276 3227 1412 3293 quorum

289 3329 361 3373 cum
395 3307 582 3393 Dryadibus
606 3313 794 3393 procacitas
822 3319 859 3392 (v.
892 3315 942 3393 17)
971 3319 1003 3379 et
1032 3335 1102 3378 cum
1132 3316 1259 3381 lascivis
1287 3314 1412 3380 Faucia

288 3415 330 3494 (v.
354 3415 405 3492 20)
434 3412 502 3477 ludi
523 3413 648 3497 iocique
677 3415 913 3482 describuntur.
964 3415 1086 3482 Eadem
1108 3415 1176 3483 fere
1199 3417 1285 3502 apud
1307 3416 1411 3483 Patri-

288 3516 371 3581 cium
388 3514 602 3582 observamus.
630 3516 735 3583 Unam
749 3517 832 3584 hanc
850 3519 987 3603 exempli
1004 3522 1112 3604 gratia
1128 3521 1288 3604 attingam
1301 3519 1411 3606 simili·

286 3619 440 3699 tudinem,
463 3639 547 3703 quae
567 3620 653 3686 inter
673 3622 733 3688 hos
755 3642 865 3688 versus
887 3628 990 3689 extat:

374 3721 543 3789 Claudiani
563 3745 591 3788 v.
614 3728 670 3788 20:

413 3825 577 3892 Flammea
598 3827 727 3895 lascivis
749 3829 921 3894 intendunt
943 3831 1066 3915 spicula
1087 3831 1205 3898 Faunis
1243 3850 1250 3868 ‘

287 3928 423 4010 (scilieet
444 3929 577 4013 pennati
598 3932 701 4013 pueri)
725 3937 757 3998 et
779 3934 913 3999 Patricii
934 3957 960 3999 v.
985 3938 1041 3999 39:

415 4033 569 4118 Corniger
591 4034 650 4101 hos
674 4043 729 4116 (sc.
752 4037 892 4118 Faunos)
916 4037 1056 4104 stimulis
1078 4038 1192 4122 implet
1212 4059 1301 4122 puer.

287 4136 433 4221 Utroque
462 4137 498 4202 in
527 4159 620 4204 versu
653 4141 737 4204 idem
773 4160 887 4206 sensus
918 4143 1012 4208 inest.
1067 4144 1135 4210 lam
1165 4163 1241 4208 vero
1273 4147 1410 4227 quanto-

285 4261 363 4325 pere
385 4241 526 4308 alterum
548 4241 789 4326 epithalamium
819 4244 953 4310 alterius
975 4244 1077 4310 indoli
1099 4247 1307 4329 respondeat,
1336 4246 1410 4312 inde

373 4466 392 4538 ¹)
411 4465 445 4520 cf.
463 4465 646 4522 Fleckeiseuii
663 4468 753 4521 annal.
771 4467 867 4539 philol.
886 4469 939 4523 vol.
961 4470 1010 4525 105
1029 4469 1116 4540 (1872)
1134 4489 1161 4540 p.
1179 4472 1213 4525 52
1231 4489 1270 4542 sq.
