3246 5296
798 477 951 571 *jo—

394 658 589 726 Notissimus
621 666 729 725 autem
758 660 986 741 Patricius,
1015 661 1230 728 Hibernorum
1259 663 1438 752 apostolus,

310 782 395 827 anno
419 769 481 828 493
505 764 594 828 obiit.
1383 761 1389 769 ’

396 863 444 928 Ex
471 865 578 930 Fastis
607 865 830 930 consularibus
860 871 996 950 apparet
1032 871 1066 932 et
1094 887 1179 931 anno
1208 872 1270 933 459
1301 867 1436 933 Ρ11111-

310 966 414 1030 cium
445 972 479 1031 et
507 987 592 1032 auno
624 972 685 1031 500
715 968 943 1033 Patricium
973 967 1120 1033 eonsules
1149 967 1264 1048 fuisse,
1302 990 1437 1053 quorum

309 1069 349 1133 de
370 1069 501 1150 maiore,
525 1071 658 1154 Asparis
680 1069 757 1150 filio,
780 1071 969 1136 Lambecius
980 1073 1001 1150 ¹)
1025 1071 1127 1136 fusius
1149 1073 1225 1156 egit.

396 1171 461 1236 Sub
491 1193 609 1236 annum
641 1178 701 1237 500
731 1173 942 1237 Patricius
970 1172 1083 1237 rhetor
1111 1172 1237 1252 floruit,
1269 1173 1311 1238 ad
1343 1193 1436 1255 quem

309 1273 442 1339 boetius
465 1276 715 1340 commentarios
737 1274 771 1339 in
794 1275 958 1340 Ciceronis
981 1275 1101 1360 Topica
1123 1276 1218 1342 misit.
1327 1266 1333 1280 '

396 1376 524 1442 Sextum
571 1379 734 1442 saeculum
780 1379 876 1443 etiam
920 1379 1001 1444 vidit
1041 1378 1260 1443 Patricius
1305 1377 1438 1465 quidam

309 1484 479 1561 quaestor,
516 1481 559 1546 ad
581 1503 674 1565 quem
704 1487 794 1548 extat
822 1482 910 1565 apud
934 1480 1161 1547 Cassiodorum
1191 1481 1327 1560 (Variar.
1352 1481 1382 1545 X
1405 1486 1436 1562 7)

308 1580 451 1663 epistula
471 1583 681 1650 Theodahadi
703 1587 798 1668 regis.

396 1685 495 1750 Porro
527 1687 660 1752 Photius
696 1685 773 1754 bibl.
805 1687 875 1751 cod.
909 1692 948 1751 63
985 1687 1214 1752 Patricium
1247 1684 1437 1766 magistrum

308 1793 481 1868 memorat,
511 1791 566 1873 qui
588 1791 647 1855 sub
670 1789 843 1855 Anastasio
866 1790 882 1854 I
905 1791 1101 1869 (491-518)
1129 1789 1325 1870 imperatore
1353 1808 1436 1851 unus

308 1910 348 1954 ex
365 1897 521 1974 quattuor
538 1893 673 1958 ducibus
692 1894 866 1958 exercitum
889 1898 1003 1959 contra
1017 1895 1131 1958 Persas
1154 1889 1345 1957 ducentibus
1363 1887 1436 1955 fuit.

397 1994 561 2060 Ennodius
597 2000 705 2060 autem
735 1997 961 2062 Patricium
989 1997 1161 2060 diaconum
1195 1996 1342 2058 iuvenem
1376 1990 1438 2056 sibi

308 2101 480 2178 cognatum
503 2102 660 2163 memorat
680 2100 713 2162 in
736 2099 875 2181 epistula
897 2099 942 2162 IX
965 2103 993 2163 9.

395 2199 462 2262 Sub
492 2201 626 2280 exitum,
660 2201 694 2264 ui
729 2200 842 2281 fallor,
878 2201 1023 2274 eiusdem
1058 2201 1178 2265 saeculi
1208 2197 1436 2263 Patricium

307 2301 470 2384 quendam
501 2304 617 2368 abbam
649 2304 745 2368 fuisse
777 2325 816 2368 ex
853 2303 1053 2368 Bibliotheca
1082 2303 1241 2368 Caesarea
1270 2298 1436 2365 Lambecii

308 2402 340 2481 (l.
364 2403 389 2464 V
417 2408 490 2485 235)
514 2406 638 2471 scimus

395 2507 567 2572 Praeterea
595 2509 778 2572 Patricii
807 2529 920 2573 nomen
949 2508 1057 2573 inveni
1085 2507 1191 2571 tribus
1221 2505 1435 2589 anthologiae

306 2609 474 2674 Palatinae
496 2611 590 2674 loeis:
615 2633 639 2672 0.
658 2611 705 2675 XI
728 2615 806 2675 261:
835 2608 906 2694 Υἱός
931 2616 1095 2696 Πατρικίυυ
1117 2610 1201 2694 μάλα
1224 2616 1345 2692 κόσμιος
1368 2629 1435 2691 eqo.

306 2719 339 2776 et
361 2713 405 2776 XI
429 2717 490 2776 386
514 2712 553 2777 de
576 2713 637 2776 dea
661 2715 805 2778 Victoria
828 2738 854 2779 v.
879 2725 914 2778 4:
947 2718 1101 2803 Πατρικίῳ
1124 2715 1245 2794 ditarem
1269 2716 1302 2776 01
1323 2711 1339 2774 Ι
1365 2716 1433 2787 119,

306 2815 392 2896 quod
410 2835 539 2878 carmen
560 2816 690 2879 Patricii
708 2816 874 2880 cuiusdam
894 2817 1074 2880 sacerdotis
1093 2814 1300 2895 christianum
1318 2812 1435 2876 librum

304 2916 434 2981 laudat:
478 2923 587 3004 Βίβλος
619 2924 793 3004 Πατρικιόιο
829 2922 976 2997 &acutior
1002 2915 1151 3004 α’ρητῆρος
1182 2919 1213 2996 ὃς
1241 2919 1320 3001 μέγα
1349 2917 1436 3003 ἔργον

305 3021 411 3106 ἔρεξεν,
435 3017 578 3108 ὃμηρείης
596 3017 654 3088 111111
671 3025 778 3106 βίβλου
796 3044 862 3105 eqs.
902 3022 964 3086 Hic
986 3027 1095 3085 031-
1119 3027 1153 3083 111
1177 3020 1305 3083 exhibet
1324 3020 1434 3084 Fabri-

305 3126 374 3187 cius
396 3124 475 3188 bibl.
499 3125 611 3188 Graee.
635 3126 745 3188 tomi
768 3149 797 3208 p.
819 3130 879 3188 555
902 3163 946 3172 -
971 3123 1124 3206 Pelopiae
1149 3123 1321 3198 Patriciae,
1344 3143 1435 3202 quem

304 3226 459 3308 interfecit
477 3227 563 3293 Zeno
584 3230 764 3309 imperator,
788 3249 809 3292 11
826 3248 886 3308 quo
907 3227 1039 3310 Pelopia
1059 3228 1337 3291 Horaeroceatoaes
1355 3246 1435 3290 00111-

297 3330 597 3408 postramanuu
623 3330 782 3395 0011101100
804 3336 832 3395 et
856 3331 1012 3395 Zonaras.

390 3427 496 3494 Semel
517 3436 623 3495 autem
647 3432 876 3496 deminutivum
899 3431 1158 3496 Patriciolus
1184 3429 1325 3494 occurrit
1347 3429 1434 3512 apud

303 3531 494 3614 Procopium
518 3533 667 3597 debello
691 3534 779 3600 Pers.
803 3534 871 3599 18.

389 3633 523 3698 Accedit
549 3656 683 3716 magnus
712 3657 863 3700 numerus
890 3635 985 3700 huius
1015 3634 1153 3700 nominis
1175 3633 1317 3697 virorum
1347 3638 1434 3698 certe

303 3733 392 3800 haud
414 3736 595 3816 humilium,
625 3759 762 3821 quorum
784 3738 940 3802 memoria
962 3743 1090 3802 servata
1114 3741 1162 3800 est
1183 3735 1433 3818 inscriptio-

303 3836 423 3902 nibus
453 3845 485 3904 et
514 3839 627 3904 iisdem
656 3842 820 3925 plerisque
850 3862 889 3906 ex
918 3840 1168 3904 christianorum
1200 3840 1433 3921 imperatorum

246 4027 254 4042 ι
304 3942 504 4022 temporibus
527 3943 681 4008 oriundis.
726 3945 797 4008 Huc
819 3947 983 4026 pertinent
1006 3944 1065 4007 hae
1089 3941 1297 4024 sepulcrales:

304 4065 509 4075 m..—

393 4113 409 4181 ¹l
436 4113 469 4166 cf.
495 4117 573 4166 notas
598 4113 635 4166 ad
661 4113 691 4166 (1.
712 4113 887 4166 Godiuum
911 4131 938 4181 p.
957 4115 1007 4166 258
1032 4113 1061 4165 in
1083 4129 1157 4179 corp.
1176 4110 1270 4177 script.
1287 4109 1352 4162 hist.
1370 4109 1433 4176 Byz.

305 4200 386 4263 1843;
406 4201 528 4251 ceterum
540 4199 653 4251 Photius
672 4198 739 4250 bibl.
758 4199 817 4251 cod.
837 4200 870 4250 79
887 4199 961 4251 hunc
975 4197 1125 4250 Patricium
1144 4195 1264 4260 eaedem,
1283 4191 1337 4262 q'ua
1354 4198 1435 4262 pater

304 4287 333 4336 et
346 4281 516 4335 Ardaburius
537 4285 622 4336 trater
638 4283 756 4337 aheone
770 4283 883 4336 mactati
897 4287 996 4349 essent,
1015 4281 1151 4348 effugisse,
1164 4281 1261 4345 postea
1275 4297 1292 4332 a
1303 4278 1435 4332 Basilisco

305 4368 425 4430 emedio
436 4367 574 4422 sublatum
589 4385 648 4422 esse
663 4369 757 4421 refert.
790 4368 828 4422 Et
841 4367 915 4421 idem
931 4371 981 4434 est,
993 4367 1046 4435 ,qui
1064 4365 1131 4420 oio
1145 4368 1433 4422 113467memoratur.
