3246 5296
599 1197 774 1332 caput
808 1195 859 1306 I.

243 1404 437 1487 Priusquam
468 1405 511 1468 ad
543 1422 612 1467 rem
651 1403 756 1486 ipsam
793 1401 998 1482 accedamus,
1028 1404 1062 1466 in
1092 1402 1288 1482 universum,

158 1527 242 1589 quae
254 1506 297 1572 ad
311 1507 461 1572 carminis
473 1505 695 1571 condicionem
711 1506 905 1588 pertineant,
923 1504 1034 1588 paucis
1049 1503 1289 1570 adumbremus.

241 1608 355 1673 Edidit
393 1607 550 1674 Barthius
590 1627 723 1672 carmen
763 1606 824 1672 sub
863 1606 956 1671 finem
997 1607 1220 1671 commentarii
1253 1607 1288 1670 in

158 1710 208 1776 01
222 1730 277 1776 au
291 1711 311 1776 d
324 1711 336 1775 i
349 1731 370 1776 a
383 1733 405 1775 n
418 1711 431 1774 i
459 1710 702 1794 epithalamium
734 1708 873 1774 Palladii
903 1712 936 1773 et
965 1707 1159 1792 Celerinae1)
1189 1707 1288 1772 verba

156 1812 281 1879 addens
302 1813 400 1878 haec:

245 1916 348 1981 Porro
376 1916 523 1981 clausula
550 1916 647 1980 lnins
675 1914 901 1998 elepantissimi
930 1914 1083 1978 carminis
1111 1912 1288 1977 -idest

157 2015 348 2084 Claudianei
389 2017 590 2100 epithalamii
628 2055 671 2065 -
706 2019 741 2081 in
776 2017 959 2080 memoriam
1000 2016 1121 2081 reducit
1157 2013 1287 2080 Scidam

155 2125 302 2201 ueterem,
331 2123 366 2186 in
398 2121 677 2186 Mediomatricnm
706 2119 864 2201 qnondam
891 2117 980 2182 nohis
1011 2117 1181 2199 Metropoli
1205 2119 1287 2182 inter

155 2222 278 2287 oblatas
295 2228 408 2288 temere
420 2223 621 2287 membranas
638 2222 840 2302 redemptam,
858 2240 938 2301 qnae
957 2219 1170 2301 Epithalamii
1182 2220 1286 2284 caina-

155 2325 231 2390 dam
252 2326 381 2390 initinm
402 2325 509 2404 labet,
541 2325 697 2406 Auspicio
725 2323 884 2404 qnondam
913 2327 942 2386 et
964 2322 1091 2401 Aellae,
1122 2320 1286 2385 Ronlanae

155 2427 339 2492 Jnoenroas
355 2428 551 2509 primatrlrns
573 2427 740 2505 decantati,
772 2426 862 2489 caina
891 2425 1004 2489 titnlns
1029 2423 1208 2488 Patricium
1230 2427 1287 2487 ant

157 2528 319 2594 Patritnm
332 2529 499 2611 qnamdam
513 2533 671 2594 anctorem
678 2527 832 2609 praefert,
846 2528 1030 2608 scriptorem
1042 2528 1286 2607 ntipaeneterem

155 2650 212 2695 nec
235 2631 427 2712 improbnm;
449 2632 539 2696 modo
560 2651 599 2695 ne
624 2629 790 2712 dipnitotis
815 2629 851 2693 id
870 2630 969 2710 faerit
995 2629 1187 2708 oocabnlnm,
1216 2649 1287 2694 nero

154 2734 322 2814 scriptoris
352 2734 471 2812 abrosa,
501 2740 538 2799 nt
565 2733 722 2798 arbitrari
749 2733 851 2813 paiois
872 2733 998 2812 poterit,
1026 2733 1154 2796 initiam
1181 2733 1287 2813 ipsam

153 2835 357 2900 membranae
389 2837 518 2918 deficere
550 2838 716 2901 contnitna.
771 2835 813 2899 Id
840 2835 1053 2917 irapmentam
1091 2835 1134 2899 ad
1171 2833 1287 2899 calcem

153 2936 251 3000 inias
276 2935 436 3003 Poematis
452 2941 636 3019 posteritati
653 2938 828 3002 condonare
846 2937 959 3017 placet,
982 2937 1064 3018 qnod
1086 2937 1159 3000 bene
1175 2942 1286 3002 portat.

241 3038 288 3101 De
320 3039 527 3122 epithalamio
566 3041 667 3123 igitur
697 3040 747 3104 vel
783 3040 892 3121 potius
926 3039 1140 3121 epithalamii,
1172 3045 1210 3103 ut
1241 3039 1288 3104 ait

154 3140 319 3220 Barthius,
343 3141 526 3225 fragmento
549 3144 666 3227 agitur,
691 3144 731 3207 de
761 3161 825 3225 quo
853 3140 935 3204 nihil
963 3143 1193 3223 senescimus,
1222 3143 1287 3208 nisi

158 3241 245 3323 quod
277 3264 316 3307 ex
346 3243 396 3308 his
428 3244 558 3308 Barthii
587 3244 715 3310 indiciis
744 3243 905 3310 discimus.
959 3243 1060 3308 Vetus
1092 3250 1200 3309 autem
1229 3241 1286 3310 illa

155 3341 283 3424 scheda,
306 3366 403 3428 quam
428 3351 608 3430 opportuno
632 3366 710 3411 casu
732 3345 888 3427 adeptum
912 3364 947 3410 se
977 3365 1048 3410 esse
1071 3345 1126 3426 ait,
1156 3346 1286 3412 ridetur

154 3445 283 3528 paucis,
315 3452 353 3511 ut
385 3449 514 3531 opinor,
546 3446 687 3514 fortasse
713 3447 840 3514 duobus
872 3449 1002 3511 tantum
1033 3452 1067 3511 et
1095 3447 1160 3512 iarn
1189 3447 1286 3514 laesis

155 3550 255 3629 atque
269 3551 426 3615 truncatis
440 3550 528 3615 foliis
543 3551 735 3630 constitisse,
758 3549 875 3634 quibus
893 3551 1025 3631 praeter
1043 3549 1286 3630 epithalamium

153 3646 221 3713 alia
242 3648 392 3734 deinceps
417 3652 562 3734 inerant,
593 3657 630 3718 ut
653 3657 794 3718 testatur
815 3651 969 3717 Barthius
994 3652 1054 3716 sub
1072 3649 1168 3716 finem
1190 3652 1284 3718 huius
1306 3729 1309 3736 ,

155 3749 358 3833 epithalamii
380 3752 507 3818 dicens:

242 3853 404 3919 Hactenus
425 3856 703 3938 schedaeneteres,
727 3856 840 3937 pnilms
860 3855 1015 3937 popina
1036 3874 1116 3919 ana
1139 3857 1287 3921 interi-

156 3955 242 4020 oris
270 3956 381 4021 insnnt
402 3957 471 4023 alia
492 3959 637 4040 deinceps
664 3959 793 4023 minime
822 3957 865 4021 ad
892 3956 975 4021 inno
999 3957 1179 4038 Apollinem
1206 3959 1287 4040 foci-
1364 3989 1367 3996 ·

156 4058 257 4135 entim
281 4060 392 4138 potins
423 4059 467 4124 ool
500 4059 652 4125 Marcelli
681 4060 773 4125 illnm
812 4059 1006 4140 cooperientia
1043 4058 1112 4124 sola
1148 4079 1287 4141 nsnspnc

158 4157 298 4244 [legatur
328 4159 500 4246 usuque]
537 4180 600 4225 nno
634 4163 787 4244 mapistro
822 4161 1048 4224 medicamenta
1078 4160 1287 4227 membrorum

156 4260 300 4325 docentis.

243 4432 262 4502 ¹)
282 4430 425 4485 Claudiani
444 4431 566 4486 carmina
584 4433 627 4486 ed.
648 4433 675 4486 G.
694 4432 788 4486 Barth.
807 4430 933 4486 Francos.
953 4433 1021 4486 1650
1038 4449 1064 4503 p.
1083 4433 1133 4485 462
1152 4449 1192 4502 sq.
