3246 5296
790 557 942 656 *16—

301 744 454 810 confundi
483 750 516 809 et
539 745 625 808 inter
648 764 682 809 se
703 743 882 827 pugnantia
903 742 1028 827 placari
1049 763 1147 826 posse
1168 741 1368 821 viderentur,
1397 741 1432 804 in
1461 737 1482 800 .'

300 848 361 913 hoc
383 852 549 930 repertum
571 867 642 912 esse
664 847 860 930 apparebat,
893 847 921 910 si
941 849 1087 910 veterum
1108 837 1241 910 deorum
1263 845 1356 928 quasi
1378 864 1433 908 ex⁴

302 953 424 1015 animes
446 950 603 1033 imagines
627 948 827 1014 christianae
849 947 966 1013 mentis
990 947 1108 1030 spiritu
1130 948 1172 1030 ad
1195 947 1310 1013 novam
1331 947 1432 1011 vitam

302 1052 443 1117 excitare
472 1052 522 1115 vel
551 1051 691 1116 maxime
719 1050 782 1115 hcc
809 1051 915 1134 poesis
944 1069 1060 1134 genere
1089 1054 1271 1132 coeperunt.
1315 1048 1432 1133 Itaque

302 1175 412 1220 omnes
448 1153 582 1219 deorum
617 1174 655 1218 ac
690 1152 825 1218 dearum
868 1173 1027 1235 personae
1062 1156 1214 1235 totusque
1245 1152 1433 1217 fabularum
1526 1189 1531 1199 ·

302 1260 488 1339 apparatus,
517 1257 572 1338 qui
600 1255 632 1318 in
656 1253 707 1319 his
730 1254 949 1338 epithalamiis
972 1277 992 1321 a
1013 1256 1119 1339 poetis
1141 1256 1174 1319 in
1196 1254 1336 1328 medium
1358 1275 1433 1338 pro·

301 1358 380 1424 ferri
402 1359 494 1437 solet,
516 1357 618 1440 magis
640 1359 809 1441 magisque
832 1357 1039 1442 allegoricam
1062 1379 1100 1424 ac
1122 1358 1276 1443 symbolis
1299 1359 1434 1424 similem

302 1461 443 1545 speciem
465 1465 652 1540 ostentant,
682 1479 765 1542 quae
788 1466 898 1524 tamen
921 1482 962 1526 ne
986 1462 1027 1527 ab
1051 1461 1097 1526 cis
1120 1460 1251 1545 quidem
1273 1460 1433 1544 epithala-

302 1565 374 1630 miis
398 1563 514 1628 abesse
537 1563 674 1643 videtur,
696 1583 835 1646 quorum
857 1565 973 1647 poetae
995 1564 1139 1628 nondum
1161 1564 1202 1629 ad
1224 1563 1433 1629 christianam

302 1666 405 1752 legem
428 1665 638 1731 transierant.

388 1767 540 1834 Eiusdem
568 1789 644 1834 vero
673 1767 720 1831 rei
750 1767 890 1850 vestigia
918 1788 983 1832 non
1013 1769 1118 1832 minus
1141 1787 1238 1848 quam
1263 1766 1326 1831 alia
1347 1766 1434 1833 illius

304 1871 420 1936 aetatis
450 1870 543 1954 signa
570 1868 717 1935 nostrum
747 1890 875 1953 quoque
908 1890 1037 1935 carmen
1068 1869 1223 1952 praebere
1246 1867 1433 1949 videbimus,

304 1974 394 2038 cuius
417 1974 457 2038 de
480 1979 610 2038 auctore
639 1977 747 2037 utrum
778 1971 975 2038 christianus
1004 1971 1104 2037 fuerit
1132 1992 1231 2037 necne
1254 1971 1334 2036 nihil
1356 1992 1434 2037 sane

304 2077 439 2156 scimus;
462 2096 573 2158 nempe
597 2095 637 2140 ex
660 2075 728 2140 solo
752 2075 892 2140 carmine
916 2075 998 2140 certi
1019 2074 1098 2140 nihil
1121 2075 1331 2139 concluditur.

390 2179 477 2255 Quae
501 2198 573 2242 cum
594 2179 643 2242 ita
665 2197 698 2242 se
720 2175 879 2258 habeant,
911 2198 995 2242 nunc
1018 2177 1061 2243 ad
1082 2179 1188 2259 ipsum
1210 2177 1345 2242 Patricii
1368 2178 1433 2260 epi·

303 2280 496 2345 thalamium
513 2279 700 2344 accuratius
718 2279 976 2362 perspiciendum
995 2279 1195 2360 accedamus,
1217 2299 1280 2362 quo
1298 2280 1376 2361 quid
1394 2280 1435 2344 ad

304 2382 456 2447 carminis
478 2380 573 2446 fidem
596 2380 788 2446 firmandam
809 2381 885 2447 inde
908 2381 951 2446 sit
969 2381 1178 2447 statuendum
1197 2401 1434 2464 cognoscamus.

390 2488 436 2549 Ac
464 2487 602 2568 primum
632 2482 759 2565 quidem
789 2489 1071 2568 argumentum
1095 2484 1293 2550 carminis
1322 2485 1434 2551 audia-

303 2610 375 2654 mus
399 2587 559 2670 simulque
581 2586 625 2651 ad
646 2586 709 2650 hcc
730 2585 959 2652 illustrandum
982 2607 1021 2651 ea
1043 2586 1211 2667 addamus,
1237 2608 1319 2669 quae
1341 2587 1434 2654 nobis

305 2711 433 2755 carmen
456 2688 697 2754 conferentibus
727 2710 799 2753 cum
827 2688 901 2754 aliis
924 2689 993 2754 eius
1016 2690 1154 2755 maxime
1176 2691 1296 2756 aetatis
1319 2691 1434 2756 carmi-

303 2792 412 2869 nibus,
443 2792 484 2856 ad
508 2812 603 2873 quam
625 2791 801 2856 Patricium
825 2810 954 2875 quoque
982 2797 1113 2876 poetam
1142 2791 1258 2858 referri
1279 2793 1434 2874 uolumus,

304 2895 345 2959 de
366 2894 431 2958 fide
454 2915 493 2959 ac
515 2894 672 2977 dignitate
694 2895 763 2959 eius
786 2894 818 2956 in
841 2895 981 2959 animum
1005 2900 1168 2960 venerunt.

389 2997 507 3079 Incipit
541 3002 640 3079 poeta
669 2997 776 3062 verbis
813 2997 890 3063 Vere
919 3018 996 3064 acco
1024 2999 1155 3081 florebat
1182 2999 1297 3064 bamus
1329 3020 1349 3064 a
1380 2998 1435 3064 de·

305 3101 479 3183 scriptione
509 3099 592 3163 veris
621 3099 838 3178 renascentis,
869 3099 953 3164 sicut
980 3100 1112 3164 serioris
1136 3100 1337 3185 potissimum
1366 3103 1436 3165 aevi

303 3209 422 3285 poetae
451 3201 732 3285 epithalamicrum
762 3202 926 3267 amabant.
978 3203 1134 3286 Exempla
1163 3225 1322 3287 apponam
1344 3204 1434 3269 haec.

304 3306 422 3388 Incipit
434 3303 575 3369 Ennodii
589 3302 832 3387 epithalamium
847 3303 970 3369 dictum
983 3304 1123 3370 Maximo
1147 3303 1435 3384 (CCCLXXXVIII

304 3406 433 3490 Vogel):

434 3509 544 3572 Annus
568 3509 636 3574 sole
658 3526 741 3573 noso
763 3512 892 3574 teneras
916 3507 992 3573 dum
1013 3507 1135 3575 format
1156 3510 1275 3576 aristas

304 3619 337 3676 et
358 3611 539 3677 venantius
563 3611 761 3675 Fortunatus
784 3610 852 3694 (lib.
875 3609 919 3676 Vl
946 3616 960 3675 1
985 3611 1081 3699 Le0):

274 3703 279 3714 ’
430 3712 515 3778 Vere
536 3732 617 3777 novo
639 3712 736 3777 tellus
753 3712 852 3777 fuerit
870 3713 948 3778 dum
965 3717 1065 3779 exuta
1081 3714 1215 3798 pruinis.

303 3817 415 3900 Neque
435 3816 530 3881 aliter
551 3814 761 3899 Pervigilium
783 3815 916 3880 Veneris
938 3836 966 3879 v.
991 3819 1024 3878 2:

431 3916 497 3982 Ver
518 3936 643 3998 novum,
666 3937 722 3984 ver
742 3917 809 3983 iam
832 3937 996 3984 cancrum.

390 4021 479 4097 Quae
503 4019 633 4102 quidem
654 4020 740 4086 ratio
770 4022 913 4104 saepius,
946 4026 983 4085 ut
1013 4020 1172 4100 videmus,
1201 4020 1343 4104 repetita
1371 4022 1435 4086 iam

304 4127 430 4206 spectat
452 4124 493 4188 ad
517 4122 745 4189 scholasticam
769 4123 931 4205 quandam
955 4124 1099 4188 carmina
1127 4122 1338 4207 componendi
1360 4142 1435 4188 con-

303 4225 515 4306 suetudinem,
542 4245 625 4310 quas
647 4224 856 4291 inferioribus
885 4227 1087 4309 temporibus
1114 4225 1288 4310 praecipue
1317 4225 1436 4292 iudea

303 4328 431 4394 saeculo
455 4332 574 4412 quarto
602 4328 869 4394 increbrescebat.
917 4329 1060 4405 Quocum
1089 4334 1159 4394 arte
1188 4330 1362 4394 coniuncta
1385 4332 1436 4394 est

303 4431 368 4497 aha
398 4429 457 4497 illa
490 4429 682 4496 inferiorum
716 4434 886 4515 poetarum
919 4431 1118 4499 consuetudo
1153 4431 1319 4511 imitandi,
1352 4450 1434 4513 quae
