3246 5296
759 523 913 618 „1⁸-

275 711 308 771 et
329 706 461 774 deorum
484 707 681 790 dearumque
707 707 898 790 imaginibus
921 713 1117 775 exstructam
1145 709 1307 777 fictionem
1324 731 1396 795 per-

273 811 364 878 tinet.
410 811 527 895 Magno
551 812 708 876 comitatu
730 811 880 878 audimus
901 812 1019 878 exiisse
1036 812 1193 879 Venerem
1211 813 1397 882 Thessalica

272 915 389 999 Tempe
423 914 573 981 usuram.
625 913 748 998 Singuli
783 915 898 980 dehinc
933 915 1065 982 comites
1100 938 1140 982 ex
1175 918 1286 984 ordine
1321 939 1396 984 enu-

273 1022 452 1084 merantur:
477 1017 618 1096 Gratiae,
642 1017 810 1100 Natura1),
834 1018 1002 1102 Voluptas,
1025 1019 1114 1103 Spes,
1137 1019 1238 1102 Siren,
1262 1021 1395 1105 Cupido,

272 1121 371 1186 Amor
402 1128 434 1186 et
465 1121 619 1186 Amorum
649 1120 819 1187 exereitus.
871 1123 918 1188 De
946 1121 1018 1188 loco
1055 1129 1180 1203 autem,
1209 1124 1294 1189 uude
1322 1145 1397 1209 pro-

272 1223 425 1290 ficiscitur
446 1225 527 1290 haee
550 1225 684 1290 Veneris
702 1245 829 1310 pompa,
853 1245 924 1291 cum
946 1227 1039 1292 initio
1058 1226 1187 1310 quidem
1203 1232 1300 1311 poeta
1317 1227 1398 1294 nihil

272 1328 434 1411 proferat,
469 1329 657 1412 simpliciter
688 1331 789 1394 statui
820 1328 947 1394 ridetur
977 1330 1052 1396 inde
1088 1332 1243 1396 Venerem
1278 1332 1397 1398 exitum

272 1431 390 1510 facere,
413 1431 469 1496 ubi
491 1431 617 1498 usitata
639 1433 669 1496 ei
688 1433 780 1496 sedes
799 1432 849 1512 sit,
872 1453 969 1515 quam
987 1435 1121 1499 eandem
1138 1440 1255 1518 poetae
1272 1439 1396 1501 ueteres

273 1538 302 1601 ei
324 1539 490 1619 assignare
520 1535 669 1601 solebant
691 1554 762 1600 cum
785 1535 943 1601 dicerent:
977 1537 1003 1602 0
1033 1537 1136 1604 Veaas
1164 1541 1277 1623 reqiaa
1303 1537 1397 1604 Ouidi

275 1639 439 1722 Papirique
461 1639 590 1724 (Horat.
614 1659 640 1706 c.
665 1638 680 1701 I
702 1642 768 1723 30),
797 1638 847 1705 vel
874 1645 911 1704 nt
939 1640 972 1704 in
1001 1640 1199 1724 epithalamii
1230 1641 1396 1706 cuiusdam

270 1742 450 1825 fragmento
476 1743 652 1824 (Baehrens
674 1742 719 1806 IV
747 1765 778 1827 p.
802 1746 893 1822 256):
923 1765 1004 1825 qaae
1030 1748 1112 1828 repit
1142 1745 1293 1826 Idaliam,
1316 1765 1396 1827 qaae

147 1927 152 1938 ²
276 1846 399 1912 Gnidon
422 1848 509 1913 ahaa
531 1849 620 1930 repit.

355 1951 467 2034 Neque
490 1949 643 2016 abhorret
665 1969 686 2014 a
708 1950 871 2014 sententia
894 1949 981 2032 quod
1002 1951 1165 2017 Patricius
1187 1951 1332 2018 versibus
1356 1956 1395 2017 33

271 2073 318 2137 sq.
342 2053 507 2138 exprimit:

397 2155 501 2240 Lydia
523 2155 579 2239 qui
600 2155 732 2220 cedente
753 2154 934 2237 reliquerat
956 2176 1035 2220 arva
1057 2176 1169 2223 sorore

401 2258 502 2324 Obvia
524 2259 702 2342 pampineis
724 2258 821 2322 Liber
842 2258 932 2342 rapit
954 2260 1082 2342 agmina
1102 2258 1234 2345 thyrsis.

270 2362 504 2445 Argumentum
525 2362 608 2427 enim
630 2366 680 2426 est
700 2360 773 2425 hoe:
797 2361 895 2426 Liber
912 2361 1028 2428 relicta
1046 2361 1158 2447 Lydia,
1179 2363 1236 2428 ubi
1258 2365 1287 2428 ei
1305 2364 1395 2429 sedes

270 2470 335 2546 est,
375 2467 464 2531 cultu
502 2469 536 2531 et
572 2466 670 2550 orgiis
706 2465 863 2548 imprimis
899 2465 1112 2546 celebratal),
1156 2468 1302 2549 protinus
1338 2466 1396 2533 ubi

270 2570 428 2635 Venerem
452 2588 593 2635 sororem
617 2589 677 2634 sna
700 2587 739 2632 ex
758 2568 833 2633 sede
852 2568 1019 2634 cedentem
1036 2568 1124 2650 vidit,
1146 2570 1180 2634 in
1198 2570 1395 2636 Thessaliam

270 2672 446 2738 contendit.
489 2674 596 2756 Atque
610 2692 683 2737 cum
697 2672 790 2738 deam
803 2693 1006 2756 progressam
1020 2692 1091 2739 esse
1105 2673 1235 2739 docuere
1247 2674 1395 2739 elementa

267 2777 401 2859 favendo
423 2776 488 2858 (32)
510 2774 560 2840 vel
577 2795 649 2839 cum
668 2774 760 2840 deam
779 2776 1038 2858 appropinquare
1061 2795 1100 2840 ex
1116 2779 1242 2841 mutato
1262 2775 1395 2841 Veneris

270 2880 443 2944 adventum
456 2877 620 2944 salutante
638 2883 775 2944 naturae
789 2883 879 2943 statu
896 2882 1042 2962 apparet,
1064 2878 1119 2944 ille
1133 2898 1205 2944 cum
1223 2877 1410 2945 faunorum·

272 2987 306 3047 et
338 2986 522 3066 satyrorum
554 3003 651 3066 grege
682 2983 786 3048 sorori
816 2981 943 3046 obviam
969 2981 1005 3047 it.
1053 2979 1252 3048 Conveniunt
1280 2986 1395 3063 autam,

271 3085 329 3151 ubi
358 3086 439 3152 ditia
472 3085 596 3152 Pactoli
626 3091 756 3168 superat
788 3085 925 3150 Pausias
955 3087 1060 3150 amois
1094 3085 1236 3153 Munera
1268 3091 1308 3169 (v.
1341 3090 1394 3168 35)

271 3189 380 3272 ibique
403 3193 453 3253 est
473 3189 574 3269 locus,
598 3209 661 3271 quo
684 3188 848 3254 exsultant
870 3186 1005 3253 Veneris
1029 3189 1161 3254 comites
1192 3210 1265 3256 cum
1287 3188 1396 3255 Liberi

270 3312 376 3377 grege,
398 3291 433 3356 in
455 3312 520 3375 qua
542 3290 669 3358 Silenus
691 3291 876 3375 petulantia
898 3291 1025 3356 eminet.
1070 3292 1233 3358 Hactenus
1250 3293 1394 3358 narratio

271 3395 310 3461 de
334 3395 411 3460 solis
433 3394 564 3460 fabulae
585 3395 731 3478 personis
755 3395 831 3479 agit.

356 3496 418 3562 Hic
441 3517 591 3580 quaeras:
615 3497 694 3582 quid
716 3498 779 3563 sihi
800 3499 868 3563 vult
886 3496 983 3563 Liber
1004 3497 1039 3562 in
1056 3498 1107 3564 his
1124 3496 1260 3563 Veneris
1277 3498 1395 3565 rebus?

270 3600 337 3667 Gur
354 3601 483 3666 omnino
501 3605 600 3685 poeta
617 3600 703 3665 hunc
721 3605 821 3686 atque
837 3601 932 3666 huius
949 3602 1087 3666 mamma
1105 3621 1234 3686 gregem
1250 3600 1395 3667 inducit?

358 3704 421 3769 Sed
442 3702 503 3769 hoc
525 3705 631 3787 ipsum
653 3724 727 3769 cum
749 3704 1029 3788 epithalamiorum
1060 3704 1302 3772 scribendorum
1325 3709 1396 3771 arte

271 3807 427 3890 sequioris
457 3808 594 3874 maxime
626 3808 746 3874 aetatis
778 3807 939 3873 artissime
977 3807 1181 3874 coniunctum
1212 3813 1262 3874 est
1291 3829 1394 3894 neque

358 3998 376 4068 ¹)
401 3998 527 4066 Respice,
546 3998 622 4065 quali
639 3998 718 4068 signo
742 4000 826 4066 poeta
843 3997 977 4052 Naturam
1001 4000 1095 4052 ornet:
1120 3997 1189 4051 dicit
1212 3999 1323 4054 lactenti
1333 3997 1394 4067 seta

264 4085 383 4154 papilla,
401 4083 506 4137 scilicet
522 4086 555 4136 ut
567 4087 684 4136 matrem
702 4083 847 4152 significet,
882 4083 927 4138 Sic
939 4083 1014 4151 apud
1032 4083 1213 4138 Claudianum
1230 4087 1301 4152 rapt
1319 4082 1393 4136 Pros.

268 4171 281 4223 I
294 4172 345 4223 248
357 4167 471 4223 Natura
478 4184 581 4238 pareas
594 4170 673 4223 adest
699 4186 752 4222 nec
764 4186 821 4223 uou
834 4169 907 4222 illius
921 4169 1041 4223 maxime
1054 4170 1187 4238 temporis
1200 4170 1254 4222 hoc
1266 4168 1320 4221 fnit
1331 4185 1394 4236 pro-

268 4256 359 4324 prium
377 4256 411 4308 de
429 4253 535 4309 Natura
550 4255 623 4309 lovis
641 4257 729 4308 matre
742 4256 788 4308 vel
805 4255 928 4310 omnium
944 4273 1038 4310 rerum
1054 4255 1239 4324 procreatrice
1253 4253 1316 4310 dici.
1335 4253 1395 4322 Qua

270 4341 304 4396 de
322 4358 352 4395 re
369 4340 449 4410 plura
467 4340 584 4394 contulit
601 4340 703 4394 Birtius
721 4341 751 4392 in
768 4341 860 4395 indice
879 4341 1045 4396 Claudianae
1064 4359 1086 4395 s.
1105 4356 1130 4399 v.
1148 4340 1261 4396 Natura.

355 4443 375 4516 ²)
400 4443 434 4497 ef.
454 4442 548 4498 Claud.
567 4443 605 4499 IV
623 4459 697 4497 cons.
716 4443 787 4498 Han.
801 4445 864 4498 603.
