3246 5296
281 642 378 704 quum
400 621 597 706 Barthioquc
616 628 750 705 remota,
775 645 857 708 quae
876 625 932 691 diu
949 628 1069 710 pressit
1086 629 1198 710 virum,
1229 629 1411 712 suspicione

281 730 403 791 certam
425 725 633 792 tribuendam*
651 724 757 791 fidem.

368 931 552 1009 Quae-cum
573 930 622 996 ita
643 930 717 1012 sint,
745 951 839 1013 nuno,
869 933 1023 1015 quoniam
1049 939 1143 1019 patet
1164 937 1224 1018 via,
1252 937 1412 1022 ingredia·

281 1054 362 1098 mur.
407 1032 489 1099 Sunt
518 1046 627 1098 autem
655 1034 738 1114 tria,
770 1055 854 1118 quae
878 1035 989 1102 afferri
1010 1038 1159 1104 videntur
1179 1060 1284 1123 posse.
1328 1041 1413 1107 Nam

279 1137 435 1220 primum,
465 1136 493 1200 si
514 1136 561 1216 id,
591 1137 678 1220 quod
700 1137 855 1202 Barthius
878 1139 918 1204 de
947 1140 1099 1205 carminis
1125 1147 1256 1207 auctore
1277 1143 1411 1226 profert,

281 1239 481 1322 argumentis
516 1237 642 1304 haustis
673 1259 712 1303 ex
742 1238 898 1324 antiquae
937 1244 1057 1308 aetatis
1089 1245 1243 1328 exemplis
1274 1247 1413 1329 probare

279 1361 459 1425 possumus,
482 1345 568 1406 certe
590 1340 625 1405 id
648 1339 772 1406 fraudis
795 1344 1009 1426 suspicionem
1029 1346 1207 1414 imminuet.

367 1444 516 1509 Alterum
542 1448 767 1526 argumentum
788 1444 866 1510 licet
888 1467 926 1510 ex
949 1466 986 1511 eo
1009 1467 1139 1531 capere,
1170 1450 1257 1533 quod
1285 1451 1414 1516 nomina

282 1567 475 1633 sponsorum
493 1546 639 1630 Auspicii
661 1552 694 1611 et
715 1545 831 1628 Achae,
855 1547 974 1631 quibus
997 1549 1240 1633 epithalamium
1257 1553 1412 1637 scriptum

281 1657 340 1732 est,
364 1651 406 1716 ad
428 1649 565 1716 eandem
588 1650 757 1734 antiquam
780 1654 919 1715 aetatem
940 1649 1056 1718 referri
1078 1658 1270 1720 statuamus.

345 1754 493 1836 Denique
503 1753 531 1818 si
540 1772 580 1817 ex
589 1751 674 1832 aliis,
687 1773 771 1837 quae
782 1753 932 1818 carminis
941 1756 1075 1837 propria
1083 1762 1167 1836 sunt,
1183 1760 1220 1821 ut
1234 1777 1273 1822 ex
1287 1757 1414 1822 dicendi

280 1858 408 1924 ratione
430 1857 480 1922 vel
504 1875 544 1920 ex
564 1875 600 1920 re
623 1856 758 1920 metrica
773 1854 825 1921 vel
841 1855 982 1936 aliunde,
997 1862 1088 1923 certa
1108 1879 1279 1942 possumus
1293 1858 1414 1924 indicia

280 1959 449 2041 colligere,
468 1956 549 2023 satis
572 1957 743 2022 verisimile
760 1955 832 2022 fieri
850 1957 978 2023 videtur
1000 1978 1126 2024 carmen
1143 1962 1315 2044 genuinum
1333 1981 1412 2026 esse.

367 2165 415 2228 Ac
441 2163 581 2247 primum
604 2162 733 2245 quidem
756 2162 796 2227 de
828 2162 1026 2228 carminis
1049 2170 1220 2231 auctore
1243 2167 1299 2250 qui
1322 2186 1413 2232 accu-

282 2266 385 2333 ratius
407 2263 591 2348 disputaret
613 2268 745 2346 praeter
766 2261 1021 2330 Wernsdorfium
1049 2285 1143 2330 nemo
1166 2266 1285 2332 extitit.
1330 2267 1414 2334 Nam

281 2369 397 2434 Petrus
418 2367 677 2430 Burmannus
701 2363 883 2444 Secundus,
914 2368 969 2448 qui
991 2387 1120 2431 carmen
1143 2388 1182 2432 ex
1204 2368 1341 2434 Barthio
1363 2389 1414 2434 re·

283 2472 369 2554 cepit
390 2471 423 2534 in
441 2487 610 2532 numerum
627 2467 816 2547 carminum,
841 2487 925 2549 quae
944 2468 1004 2533 sub
1022 2469 1134 2536 titulo:
1157 2470 1415 2554 Authologia

283 2576 487 2640 Poetarum
508 2570 731 2635 Latinorum
752 2571 785 2634 in
807 2568 911 2634 lucem
929 2569 1039 2649 edidit,
1061 2590 1126 2634 nou
1143 2570 1264 2638 habere
1283 2570 1414 2652 fatetur,

284 2675 362 2761 quid
382 2693 422 2737 ex
433 2671 491 2737 illo
508 2671 647 2737 Patricii
664 2671 704 2736 de
716 2671 789 2756 ipso
803 2677 936 2737 auctore
950 2673 1131 2739 concludat.
1155 2675 1292 2740 Videtur
1305 2682 1415 2741 autem

281 2781 387 2863 ipsum
409 2772 578 2839 Barthium
600 2777 730 2837 secutus
753 2793 840 2853 esse,
879 2775 935 2858 qui
963 2776 1107 2841 auctoris
1130 2776 1361 2859 significationi
1382 2779 1415 2843 id

284 2877 414 2946 addidit
437 2879 638 2959 suspectum:
666 2876 756 2940 modo
783 2896 823 2940 ae
850 2877 1016 2960 diguitatis
1038 2880 1074 2943 td
1094 2880 1193 2960 fucrit
1220 2881 1412 2947 vocobulum.

285 2982 486 3062 Quamquam
502 2975 588 3043 idem
600 2974 807 3041 Burmannus
829 2978 976 3044 coneedit
993 2979 1104 3045 multis
1117 3000 1194 3045 sane
1207 2981 1326 3047 veteris
1344 2984 1415 3048 aevi

282 3080 467 3150 hominibus
488 3077 569 3144 illud
591 3096 706 3142 nomen
728 3075 830 3142 fuisse
852 3077 1012 3165 offertque
1034 3081 1097 3146 duo
1121 3082 1275 3166 exempla.
1323 3085 1415 3162 Quod

284 3190 392 3253 autem
413 3180 568 3246 Barthius
596 3179 720 3264 primus
748 3179 783 3243 in
812 3180 945 3246 dubium
969 3183 1096 3249 vocavit
1120 3185 1304 3268 suspicatus
1326 3185 1415 3251 tituli

283 3285 450 3354 cuiusdam
466 3281 585 3346 nobilis
603 3282 746 3346 auctoris
764 3282 936 3367 vestigium
948 3285 1055 3350 inesse
1068 3286 1225 3351 vocabulo
1240 3287 1415 3368 Patricii,

285 3411 356 3456 eum
373 3386 408 3453 id
425 3405 483 3470 per
501 3404 610 3450 rerum
628 3382 759 3468 quidem
776 3390 929 3451 naturam
946 3385 1076 3452 admitti
1093 3393 1212 3469 potest,
1236 3392 1264 3454 si
1286 3389 1415 3474 quidem

284 3491 372 3576 apud
385 3487 533 3554 Boetium
544 3525 588 3534 -
600 3488 639 3550 ut
652 3487 797 3570 exemplo
810 3491 887 3552 utar
899 3525 943 3535 —
955 3487 1099 3553 videmus
1111 3488 1198 3554 hune
1211 3491 1245 3554 in
1258 3491 1415 3557 librorum

161 3665 162 3669 ,
282 3589 545 3677 inscriptionibus
569 3589 756 3671 cognomine
784 3588 961 3671 patricii
990 3608 1117 3672 semper
1140 3592 1317 3673 nominari,
1345 3598 1416 3658 tum

282 3696 371 3764 haud
389 3691 521 3759 difficile
535 3695 586 3758 est
597 3689 765 3757 intellectu
778 3690 860 3755 nihil
872 3690 970 3769 aliud,
987 3690 1050 3756 nisi
1068 3692 1154 3775 quod
1171 3691 1299 3759 initium
1316 3716 1415 3760 mem-

282 3800 405 3865 branae
427 3795 552 3861 laesum
576 3795 738 3875 cognovit,
762 3792 934 3857 Barthium
959 3797 996 3856 ut
1020 3793 1059 3859 de
1082 3793 1223 3862 Patricio
1250 3798 1416 3862 dubitaret

282 3900 458 3983 impulisse.
503 3896 705 3978 Quamquam
736 3897 763 3960 si
787 3893 917 3978 quidem
938 3893 1010 3958 fieri
1031 3899 1158 3979 potest,
1182 3901 1220 3963 ut
1243 3900 1415 3982 probemus

282 4022 398 4069 nomen
415 3997 498 4063 illud
515 3997 650 4063 Patricii
672 3996 852 4080 antiquitus
874 3997 1032 4064 usitatum
1055 4018 1094 4064 ac
1115 4000 1225 4064 multis
1246 4001 1323 4066 viris
1340 4021 1415 4084 pro·

281 4105 389 4188 prium
410 4099 519 4179 fuisse,
540 4099 721 4181 interrogo:
750 4104 860 4163 utrum
881 4097 1009 4164 facilius
1032 4104 1131 4185 atque
1154 4098 1268 4166 melius
1289 4101 1415 4167 intelle-

283 4205 386 4289 gitur:
408 4201 474 4281 illo,
493 4198 579 4285 quod
597 4200 632 4265 in
649 4199 757 4266 fronte
771 4200 923 4266 carminis
938 4200 980 4266 ab
993 4201 1130 4266 interitu
1143 4201 1292 4267 relictum
1304 4223 1415 4288 reper-

281 4311 352 4378 tum
374 4310 433 4388 est,
457 4300 634 4390 significari
654 4323 772 4374 nomeu
793 4302 924 4372 minime
941 4323 1062 4387 rarum,
1085 4301 1173 4392 quod
1191 4304 1233 4369 ad
1251 4310 1415 4374 auctorem
