3246 5296
786 518 941 616 je-

297 703 427 769 mutare
455 699 643 768 maluerunt
669 703 725 784 ita,
755 708 793 770 ut
820 705 1071 790 distinguerent:
1102 707 1193 776 divae
1220 729 1310 778 soror
1332 712 1427 778 abac.

301 807 423 896 (itepide
444 807 546 891 aliger
566 825 627 890 eqo.

382 911 476 992 Quod
504 914 616 976 tamen
642 910 774 978 minime
794 913 930 997 probari
951 919 1070 1000 potest.
1114 917 1276 1002 Equidem
1298 919 1428 987 Werns-

298 1014 391 1082 dorfii
422 1014 601 1081 sententiae
633 1017 811 1096 assentior,
846 1017 938 1085 ouius
974 1025 1165 1105 argumenta
1193 1021 1428 1090 dubitationem

297 1119 427 1186 omnino
448 1139 514 1185 non
536 1117 725 1188 admittunt.
771 1119 950 1200 Quemnam
971 1129 1068 1208 poeta
1088 1126 1157 1192 vult
1177 1124 1283 1193 dicere
1307 1128 1427 1194 verbis:

296 1223 387 1290 divae
406 1243 497 1290 soror
525 1223 621 1304 abac,
652 1223 691 1290 de
721 1245 787 1309 qua
815 1225 875 1292 hoc
902 1226 1034 1312 insuper
1056 1229 1163 1295 addit:
1192 1250 1255 1296 oon
1277 1231 1429 1298 sotianda

296 1328 407 1395 bonis?
423 1327 583 1412 Equidem
598 1328 745 1414 profecto
762 1349 827 1396 non
836 1328 999 1416 intellego,
1016 1332 1081 1398 nisi
1096 1333 1140 1399 ad
1150 1333 1339 1418 Cupidinem
1350 1334 1429 1401 haec

297 1433 396 1499 verba
423 1430 624 1515 referuntur,
653 1434 705 1499 cui
734 1433 793 1500 illa
822 1436 971 1522 apposita
1006 1435 1187 1522 designatio
1223 1438 1343 1523 optime
1370 1439 1428 1504 tri·

297 1535 426 1620 buitur3
464 1533 505 1603 ci.
542 1537 630 1606 (lunt.
669 1537 741 1603 Ruf.
772 1539 817 1603 IX
855 1545 891 1620 2,
924 1544 942 1606 9
974 1542 1087 1628 cupido
1121 1543 1323 1610 insatiabiles.
1379 1543 1430 1608 An

296 1640 528 1708 Baehrensium
549 1641 642 1726 sequi
664 1643 775 1724 mavis,
798 1642 854 1727 qui
876 1665 904 1710 v.
929 1649 969 1709 22
998 1646 1110 1712 sedeas
1137 1667 1197 1730 pro
1225 1648 1311 1714 sedet
1333 1644 1430 1712 scribi

296 1745 374 1826 vult,
397 1748 446 1812 ita
468 1749 506 1812 ut
528 1743 631 1827 Siren,
663 1765 747 1830 qnae
775 1747 955 1830 antecedat,
984 1746 1079 1816 divae
1109 1770 1201 1816 soror
1230 1750 1296 1816 sit?
1339 1748 1429 1815 Hanc

296 1855 384 1917 certe
406 1856 584 1917 extremam
607 1850 714 1916 ineam
737 1850 829 1918 viam.
873 1853 976 1938 Atqui
998 1874 1072 1920 mea
1100 1854 1249 1938 opinione
1277 1874 1330 1920 res
1353 1851 1428 1918 sim·

295 1956 369 2040 plex
392 1960 449 2022 est.
492 1956 578 2022 Nam
601 1954 734 2042 Cupido,
757 1960 794 2021 ut
823 1959 910 2022 recte
940 1959 987 2022 ait
1015 1956 1261 2041 Wernsdorfius,
1290 1957 1430 2023 hicnon

295 2066 348 2126 est
369 2060 478 2139 Amor,
503 2060 558 2144 qui
580 2058 825 2144 insequentibus
847 2060 954 2127 verbis
977 2061 1080 2146 aliger
1107 2083 1187 2148 puer
1215 2062 1295 2128 satis
1323 2059 1428 2143 desig·

295 2169 405 2242 natur;
427 2163 527 2229 immo
544 2181 662 2247 genere
679 2161 833 2229 feminino
852 2162 971 2228 dicitur
991 2163 1123 2238 Veneris
1142 2186 1242 2232 soror.
1279 2163 1373 2243 Quod
1390 2182 1428 2228 eo

295 2268 401 2334 minus
415 2268 550 2335 dubium
563 2266 746 2352 apparebit,
723 2268 790 2334 tsi
803 2267 845 2333 ad
858 2268 1071 2334 Dracontium
1071 2289 1192 2354 ‚quem
1201 2271 1263 2337 toti
1271 2269 1347 2335 huic
1355 2268 1428 2333 loco

296 2371 416 2438 similia
428 2370 570 2438 habere
560 2391 628 2436 ram
641 2392 739 2454 supra
753 2373 966 2454 cognovimus,
985 2374 1242 2459 comparandum
1255 2371 1427 2440 accesseri·

295 2496 377 2543 mus.
400 2474 549 2540 Ib1en1m
566 2471 622 2560 (oi.
637 2473 851 2542 BaehrensP.
865 2475 900 2540 L.
915 2473 959 2543 M.
974 2475 1047 2560 Vp
1065 2480 1138 2560 152)
1156 2469 1283 2561 quodv.
1299 2479 1338 2540 57
1356 2495 1427 2622 sqq.

296 2579 385 2646 inter
407 2585 531 2644 ceteros
552 2576 701 2644 Libido
723 2583 947 2645 enumeratur:

426 2680 491 2746 Vix
512 2678 621 2746 eafat
587 2684 661 2745 atus
684 2699 784 2760 eram,
807 2680 914 2748 subito
936 2683 1025 2749 venit
1047 2682 1184 2767 aliger
1205 2682 1270 2764 ille,

427 2783 492 2850 Ore
513 2785 637 2849 micans
659 2801 698 2847 ao
719 2782 827 2849 fronte
848 2785 960 2852 minax
982 2792 1017 2852 et
1038 2787 1127 2853 crine
1150 2805 1324 2853 coruscans

425 2885 617 2973 Impubes
639 2885 792 2969 lascivus3
818 2893 912 2954 erant
934 2889 987 2955 cui
1008 2894 1119 2957 castra
1140 2890 1270 2974 iugata:

425 2989 500 3057 Ibat
520 2989 555 3055 in
577 2988 770 3074 obsequium
791 2989 896 3072 Risus,
923 2992 1142 3079 complexibus
1165 2991 1303 3059 haerens

390 3099 392 3103 ’
425 3094 517 3159 Iusta
539 3091 685 3158 Libido
708 3093 782 3174 coit,
800 3094 889 3159 venit
911 3099 944 3160 et
965 3095 1134 3162 moderata
1157 3095 1325 3182 Voluptas,

428 3193 573 3261 Candida
594 3194 756 3279 legitimas
779 3198 957 3264 accendens
981 3197 1063 3264 (irat
1063 3198 1097 3265 ia
1119 3197 1235 3265 taedas

425 3298 584 3381 Accurrit,
561 3299 692 3364 tvenit
714 3299 801 3367 alma
821 3301 926 3471 Fides,
926 3304 1015 3471 uPet
1015 3303 1142 3369 ulantia
1163 3302 1300 3418 simplex
1322 3321 1388 3385 eqs

298 3508 459 3587 (ieramus,
478 3505 753 3592 Cupidinema
769 3508 859 3574 Pat
818 3510 913 3574 tr1cio
910 3410 1020 3575 thaud
1038 3509 1163 3576 diverso
1182 3527 1280 3574 sensu
1292 3508 1432 3593 positam

297 3612 492 3700 respondere
506 3613 652 3696 apparet.
697 3610 781 3690 Quid
799 3611 886 3697 quod
903 3613 1025 3680 ibidem
1046 3634 1178 3698 prorsus
1201 3611 1313 3678 eodem
1335 3608 1431 3676 modo

298 3715 467 3782 deficiente
480 3712 610 3779 nomine
623 3713 787 3780 inducitur
800 3714 902 3801 aliger
915 3737 958 3784 sc.
973 3717 1097 3783 Amori
1123 3716 1208 3780 Ecce
1222 3715 1318 3783 Drao.
1333 3737 1361 3782 ι.
1374 3717 1413 3782 57
1423 3735 1431 3778 ι

298 3821 400 3904 aliger
427 3817 583 3905 impubes,
611 3816 682 3882 hic:
712 3819 814 3904 aliger
834 3842 923 3908 puer
969 3822 1076 3900 Quare
1099 3820 1320 3910 scribendum,
1348 3819 1446 3884 sicut'

298 3922 458 3990 traditum
480 3924 546 3988 est:

430 4022 525 4091 divae
548 4044 641 4090 soror
662 4023 750 4091 alma
771 4025 906 4111 Cupido

298 4132 409 4215 Neque
432 4128 512 4195 adeo
542 4125 703 4195 offendere
731 4134 856 4214 potest,
886 4130 915 4196 si
938 4127 1101 4196 Patricius
1123 4127 1258 4195 Veneris
1288 4099 1433 4193 sororem

248 4290 251 4298 .
299 4253 372 4300 esse
388 4232 468 4299 dicit
485 4229 675 4318 Cupidinem
686 4271 730 4282 -
745 4233 871 4300 scilicet
886 4252 1044 4318 personae
1061 4233 1167 4316 specie
1181 4230 1275 4299 indut
1260 4235 1328 4296 tam
1343 4229 1433 4316 cupi-

300 4338 435 4404 ditatem
448 4334 498 4402 vel
510 4335 712 4404 libidinem
722 4357 858 4422 -quae
868 4341 1034 4421 tamquam
1040 4335 1201 4422 Voluptas
1207 4335 1360 4422 (ciDrao.
1366 4333 1387 4402 l.
1394 4340 1433 4414 c.)

300 4460 372 4508 cum
390 4438 523 4509 Veneris
544 4439 685 4528 imagine
708 4445 779 4508 arte
801 4440 972 4508 coniuncta
993 4460 1064 4507 esse
1085 4438 1266 4506 ridebatur.
1312 4468 1314 4472 ·
