3246 5296
761 530 915 630 *m*

273 719 384 786 fuisse.
442 719 535 788 Unde
569 719 666 786 facile
701 719 874 786 concludat
909 719 1068 804 quispiam
1103 723 1270 785 auctorem
1304 717 1404 784 etiam

272 823 378 888 nostri
399 825 550 890 carminis
573 823 617 890 ad
637 824 720 890 illud
741 828 868 907 tempus
890 821 1094 888 referendum
1115 840 1195 888 csse.
1239 820 1307 887 Nec
1328 841 1403 904 pro·

273 924 359 991 icoto
382 927 449 992 veri
471 927 637 1009 dissimile,
660 927 689 993 si
711 926 889 993 Patricium
911 933 1077 994 auctorem
1099 924 1299 1009 epithalamii
1319 945 1404 990 nunc

274 1028 404 1112 quidem
422 1030 608 1113 probamus,
630 1029 723 1095 illum
745 1028 806 1094 hae
824 1031 962 1096 maxime
980 1034 1089 1094 aetate
1106 1027 1269 1109 floruisse,
1293 1047 1404 1112 quam-

273 1131 321 1198 vis
350 1132 462 1218 negari
489 1153 555 1198 non
584 1133 689 1218 possit
717 1152 778 1198 nos
806 1152 872 1197 non
899 1132 1030 1213 habere,
1059 1133 1145 1217 quod
1173 1151 1274 1196 unum
1303 1150 1341 1195 ex
1363 1129 1403 1194 iis

273 1235 369 1300 modo
387 1236 573 1301 memoratis
590 1235 741 1302 Patriciis
759 1241 926 1301 auctorem
943 1235 1142 1319 epithalamii
1162 1254 1233 1300 csso
1250 1232 1403 1299 dicamus.

275 1337 366 1416 Quod
389 1343 499 1403 tamen
521 1337 624 1405 visum
646 1343 696 1404 est
718 1337 949 1422 Paldomob
972 1342 1006 1404 at
1027 1337 1236 1423 Meyerot,
1265 1355 1403 1420 quorum

273 1440 357 1506 alter
375 1439 621 1524 epithalamium
643 1461 712 1507 esse
733 1440 868 1506 Patricii
888 1441 987 1521 illius,
1012 1440 1054 1507 ad
1077 1461 1172 1525 quem
1196 1438 1403 1524 Symmachus

273 1543 412 1626 scripsit,
435 1544 517 1609 alter
539 1544 625 1609 illius
648 1565 719 1610 csse
740 1543 885 1628 putabat,
909 1543 1069 1628 adquam
1091 1545 1224 1609 Bobtius
1247 1561 1403 1607 commen-

273 1646 376 1710 tarios
397 1645 431 1710 in
454 1646 616 1712 Ciceronis
638 1646 758 1729 Topica
786 1646 881 1714 misit.
933 1646 978 1711 At
1000 1646 1039 1712 de
1061 1645 1127 1712 illis
1149 1644 1300 1712 Patriciis
1324 1643 1404 1710 nihil

273 1753 384 1812 notum
407 1754 470 1829 est,
499 1750 584 1815 uude
614 1750 689 1815 illos
718 1771 758 1814 nc
787 1771 807 1814 a
834 1750 927 1832 poesi
955 1749 1083 1832 quidem
1113 1748 1233 1815 afuisse
1257 1753 1402 1832 apparet,

273 1869 377 1931 neque
401 1870 440 1915 ex
461 1850 538 1917 ullis
562 1852 714 1918 carminis
737 1852 842 1917 nostri
860 1852 1056 1936 argumentis
1076 1851 1248 1935 quicquam
1266 1849 1402 1934 amplius

273 1951 461 2036 intellegere
483 1953 577 2019 hodie
599 1953 694 2019 nobis
716 1953 792 2020 licet
821 1974 918 2036 quam
944 1953 1020 2034 hoc,
1049 1973 1114 2038 qua
1144 1953 1271 2019 circiter
1293 1958 1402 2018 aetate

273 2053 436 2121 Patricius
458 2054 514 2119 ille
537 2060 651 2121 auctor
673 2054 876 2139 epithalamii
896 2054 1022 2121 vixerit.
1073 2055 1228 2120 Attamen
1251 2055 1301 2120 rei
1321 2055 1401 2119 veri·

274 2156 517 2223 similitudinem
538 2179 641 2241 usque
664 2159 706 2225 ad
729 2163 908 2224 extremum
930 2159 1092 2242 quendam
1115 2155 1213 2221 finem
1229 2158 1402 2240 perducere

274 2260 373 2341 atque
402 2280 523 2344 augere
551 2260 635 2328 licet.
687 2261 717 2324 N
720 2282 771 2325 am
800 2280 905 2346 neque
934 2259 1098 2324 arbitratu
1120 2257 1251 2324 difficile
1277 2261 1310 2324 in
1332 2261 1403 2342 ipsa

272 2361 354 2425 urbe
378 2363 478 2429 Roma
499 2368 665 2429 auctorem
686 2365 810 2442 vixisse,
833 2364 1025 2448 praesertim
1047 2382 1120 2426 cum
1142 2362 1295 2427 Romanis
1316 2363 1402 2427 iuve-

271 2463 369 2528 nibus
392 2464 638 2548 epithalamium
660 2465 781 2530 dictum
805 2466 863 2545 sit,
892 2471 926 2530 et
948 2486 1023 2530 vero
1054 2469 1190 2530 exeunte
1212 2470 1329 2548 quarto
1352 2463 1402 2529 vol

273 2568 386 2649 quinto
407 2570 612 2653 potissimum
641 2570 769 2635 saeculo
799 2567 900 2635 fuisse
928 2574 1074 2634 nostrum
1096 2561 1274 2633 Patricium
1303 2567 1402 2633 etiam

273 2670 339 2736 alia
368 2669 519 2755 deinceps
548 2674 739 2756 argumenta
768 2671 994 2750 consentiunt,
1032 2691 1116 2754 quae
1146 2667 1233 2735 infra
1262 2669 1402 2753 explica-

271 2773 387 2840 bimus·
423 2773 511 2852 Quae
531 2796 603 2839 cum
624 2777 673 2840 ita
692 2775 765 2856 sint,
784 2775 812 2839 si
830 2773 1048 2841 coniecturam
1066 2772 1173 2838 facere
1191 2792 1256 2838 non
1274 2773 1402 2838 videtur

273 2897 542 2960 supervacaneum
565 2898 651 2959 esse,
679 2877 834 2961 imprimis
858 2877 996 2942 fortasse
1020 2878 1059 2941 de
1080 2876 1154 2954 illo,
1185 2897 1281 2960 quem
1304 2876 1400 2942 etiam

272 2979 447 3046 Paldamus
470 2981 651 3064 suspicatus
675 2986 738 3058 est,
770 2980 912 3045 Patricio
936 2985 1070 3046 auctore
1093 2979 1245 3043 carminis
1267 2979 1403 3061 cogitari

271 3087 396 3165 potest,
428 3104 520 3165 quem
545 3106 573 3149 a.
604 3086 774 3148 396-400
796 3083 984 3165 magistrum
1005 3083 1167 3166 regiarum
1189 3082 1401 3165 epistularum

272 3185 371 3248 fuisse
393 3206 433 3251 ex
458 3185 639 3270 Symmachi
664 3185 811 3269 epistulis
837 3185 964 3250 scimus.
1014 3185 1075 3249 Hic
1104 3187 1187 3251 enim
1209 3205 1274 3249 non
1298 3184 1401 3249 solum

213 3282 217 3293 “
272 3288 393 3354 Romae
417 3294 450 3353 et
473 3309 518 3366 ea,
543 3309 640 3373 quam
663 3289 819 3368 diximus,
851 3294 958 3355 aetate
981 3286 1059 3367 fuit,
1090 3287 1148 3353 sed
1170 3287 1267 3353 etiam
1289 3307 1402 3352 secun·

273 3390 350 3455 dum
370 3413 495 3472 munus,
519 3414 583 3475 quo
606 3392 810 3476 fungebatur,
839 3393 933 3458 homo
955 3392 990 3456 in
1011 3391 1129 3457 litteris
1152 3392 1298 3456 eruditus
1320 3389 1400 3454 mul-

271 3497 372 3577 taque
409 3495 546 3560 lectione
583 3496 743 3561 exercitus
779 3493 877 3561 fuerit
907 3514 1037 3560 necesse
1073 3499 1138 3573 est;
1184 3493 1271 3578 quod
1294 3493 1401 3578 Sym·

271 3595 442 3661 machus
464 3599 497 3662 in
520 3597 662 3681 epistula
685 3598 744 3664 VH
763 3603 803 3662 60
827 3597 988 3682 significat
1010 3597 1116 3663 vorbis
1138 3617 1210 3662 eum
1233 3596 1402 3682 appellans

271 3698 340 3763 his:
364 3720 444 3781 pace
465 3702 500 3764 iu
523 3706 551 3765 te
566 3701 668 3782 pollet
688 3703 754 3766 oris
775 3701 912 3766 ubertus.
957 3698 1106 3765 Ceterum
1129 3699 1169 3765 de
1190 3699 1253 3763 hac
1275 3721 1310 3764 rc
1333 3698 1401 3781 qui·

272 3801 329 3881 vis,
350 3808 509 3886 quatenus
527 3804 679 3886 progredi
691 3823 786 3886 posse
799 3802 956 3882 videatur,
974 3802 1128 3867 iudicium
1146 3802 1276 3868 sibimet
1289 3805 1402 3868 servet.

357 3904 453 3970 Nullo
485 3906 579 3972 modo
611 3912 721 3971 autem
749 3906 891 3970 Patricio
919 3905 968 3969 illi
998 3905 1214 3971 Hibernorum
1245 3905 1400 3989 apostolo,

271 4009 364 4072 cuius
379 4008 438 4073 sub
453 4010 582 4073 nomine
595 4009 774 4092 complures
789 4012 902 4073 emant
915 4007 1141 4073 versushatini
1156 4007 1401 4085 (ctRiese791),

270 4116 418 4175 nostrum
442 4110 686 4193 epithalamium
708 4111 851 4177 adscribi
872 4115 990 4194 potest,
1021 4110 1109 4193 quod
1130 4115 1259 4175 tantum
1281 4108 1323 4174 ab
1345 4109 1402 4173 illo

271 4213 384 4295 utique
407 4214 586 4281 christiano
609 4218 744 4281 auctore
766 4213 876 4292 abest,
905 4217 943 4277 ut
965 4213 1020 4294 qui
1041 4232 1162 4296 paucos
1183 4217 1312 4279 tantum
1334 4211 1402 4276 eius

359 4437 377 4507 ¹)
403 4434 550 4490 Rbmische
568 4433 669 4489 Erotik
686 4451 713 4504 p.
732 4435 773 4487 90.
810 4435 830 4504 ²)
850 4423 1020 4503 Anthologia
1036 4433 1050 4487 I
1067 4435 1161 4488 annot.
1179 4432 1238 4486 283.
