3246 5296
682 497 836 592 *ra—

193 685 295 764 venit,
317 705 376 770 per
398 687 579 767 temporum
600 687 635 748 et
655 680 816 748 librorum
838 683 953 749 seriem
976 685 1177 769 migraverit,
1206 685 1326 769 quoin

193 788 310 855 itincre
328 809 366 854 ea
383 787 636 871 nancisceretur,
655 807 737 870 quae
750 787 841 854 laesa
859 787 890 852 ei
907 788 1126 855 adhaereant?
1160 792 1211 855 An
1227 795 1324 874 putas

194 914 252 978 per
267 891 368 958 solam
381 892 507 958 Bartbii
521 890 693 958 stultitiam
706 890 777 957 fieri
790 893 943 978 potuisse,
960 897 998 958 ut
1015 895 1124 959 omnia
1135 894 1192 960 illa
1208 892 1327 960 menda

194 997 377 1081 irreperent
405 996 576 1062 lectionem
607 995 798 1082 turpentia?
840 995 923 1062 Ecce
952 997 1054 1082 igitur
1085 1019 1202 1064 novum
1232 998 1326 1064 adeat

172 1101 385 1183 subsidium,
407 1105 444 1166 ut
466 1101 618 1167 carminis
640 1104 835 1188 vetustatem
856 1099 1075 1170 defendamus.

270 1205 366 1302 vargo
389 1209 567 1289 sequautur
590 1203 803 1291 corruptelae.

281 1313 328 1376 Ac
357 1310 497 1394 primum
528 1308 659 1393 quidem
686 1309 768 1375 vitia
798 1308 903 1395 primo
934 1308 1051 1376 obtutu
1080 1309 1252 1377 manifesta
1284 1309 1326 1376 ab

195 1414 341 1482 omuibus
370 1413 550 1480 editoribus
579 1412 780 1500 epithalamii
807 1417 897 1478 recte
926 1413 1097 1480 emendata
1125 1418 1199 1480 sunt
1227 1413 1324 1480 haec:

442 1541 470 1583 v.
491 1523 509 1584 3
532 1517 679 1584 aetheriis
699 1538 758 1602 pro
782 1515 937 1583 aetherea

442 1645 471 1687 v.
490 1627 531 1687 45
551 1623 669 1706 festina
690 1627 762 1688 vato
782 1641 844 1705 pro
867 1622 987 1687 festino
1011 1624 1083 1687 roto

443 1749 471 1791 v.
491 1728 529 1789 61
555 1726 685 1792 ammae
706 1746 768 1811 pro
791 1726 940 1791 alumnos

443 1851 471 1894 v.
491 1834 532 1895 72
553 1834 663 1915 patrat
683 1849 744 1912 pro
765 1832 882 1913 petant

443 1956 472 1999 v.
492 1938 530 1999 81
556 1934 631 2000 velit
651 1953 711 2020 pro
733 1932 822 2000 velis.

282 2038 384 2103 Porro
406 2037 591 2104 accuratius
614 2037 805 2124 exponenda
826 2042 910 2116 sunt,
934 2057 1018 2121 quae
1036 2039 1145 2102 cetera
1161 2034 1203 2101 ad
1219 2038 1329 2101 textus

195 2141 419 2225 integritatem
440 2142 608 2229 pertinent
631 2139 844 2207 efficiendam.

282 2244 331 2309 Ao
352 2245 491 2330 primum
513 2245 553 2311 de
577 2244 718 2312 secunda
740 2265 817 2310 vooe
838 2264 950 2310 versus
974 2247 1030 2308 27:

327 2345 449 2428 Sidera,
473 2348 666 2415 blanditu
688 2348 852 2415 dominam
873 2350 1028 2414 venerata
1050 2367 1164 2414 sereno

197 2452 302 2518 habeo
319 2472 403 2536 quae
421 2452 535 2520 dicam.
577 2454 660 2519 Nam
683 2474 798 2519 nomeu
822 2452 1056 2519 substantivum
1074 2453 1236 2520 blanditus
1255 2451 1286 2531 (i.
1301 2469 1329 2514 e.

197 2555 378 2638 blanditia),
401 2554 487 2641 quod
510 2558 713 2623 Burmannus
735 2577 796 2643 pro
819 2556 943 2622 tradita
964 2577 1041 2622 voce
1063 2555 1242 2622 blandito
1264 2552 1331 2620 ior-

198 2681 283 2727 mam
301 2661 444 2727 blandita
454 2661 597 2727 scribens
615 2659 771 2741 defendit,
789 2661 842 2726 vin
859 2660 996 2746 reperiri
1014 2660 1102 2745 apud
1115 2659 1249 2726 Latinos
1267 2658 1333 2725 iam

200 2762 439 2831 Wernsdorfius
462 2769 550 2830 recte
573 2767 690 2830 monet.
736 2763 809 2830 Etsi
830 2764 932 2848 igitur
949 2763 1017 2831 tale
1036 2764 1178 2848 verbum,
1202 2764 1229 2830 si
1246 2763 1332 2847 lege·

199 2873 300 2949 retur,
324 2887 344 2933 a
366 2873 477 2936 nostro
499 2875 598 2955 poeta
619 2890 684 2935 non
706 2891 841 2955 prorsus
864 2868 1006 2934 alienum
1028 2873 1129 2949 esset,
1152 2888 1247 2952 quem
1270 2867 1332 2933 bae

198 2972 273 3059 ipsa
295 2971 384 3038 vocis
410 2973 512 3061 stirpe
535 2974 646 3040 olard-
669 2973 826 3039 delectari
850 2971 969 3050 elucet,
997 2972 1026 3036 si
1051 2971 1179 3055 quidam
1197 2970 1332 3054 respicis

199 3096 329 3141 versum
347 3081 405 3142 20:
428 3077 564 3144 Blando
584 3097 684 3143 meaa
713 3079 746 3142 et
774 3077 885 3142 statim
908 3098 937 3141 v.
961 3079 1017 3140 22:
1041 3076 1095 3141 Ad
1115 3077 1194 3160 tayo
1215 3075 1342 3156 blenda¹

200 3185 233 3245 et
260 3203 289 3248 v.
319 3186 374 3245 14:
409 3179 528 3246 Gratia
555 3180 671 3246 blando
694 3179 818 3246 intuitu
840 3183 874 3244 et
895 3199 923 3244 v.
948 3183 1007 3244 47:
1038 3178 1173 3244 Bataua
1201 3179 1333 3256 micans,

201 3288 311 3350 tamen
339 3283 484 3370 proiecto
506 3304 570 3349 non
591 3281 694 3364 video,
718 3303 775 3348 cur
798 3280 842 3347 ab
865 3301 913 3361 eo,
940 3281 1027 3365 quod
1049 3280 1217 3361 traditum,
1246 3300 1334 3346 rece·

201 3388 323 3456 damus.
368 3387 451 3455 Nam
474 3393 508 3453 et
531 3387 697 3454 blanditus
720 3386 914 3476 adiectivum
935 3406 995 3470 pro
1019 3391 1115 3471 grato
1139 3391 1172 3452 et
1193 3384 1334 3451 iucundo

201 3513 265 3560 non
283 3493 377 3559 deest
394 3491 545 3558 nobiliori
564 3491 704 3557 sermoni
728 3489 863 3574 Latin03
887 3486 927 3556 ci.
949 3491 1096 3576 Propert.
1114 3489 1160 3556 IV
1185 3495 1203 3556 6
1226 3511 1255 3559 v.
1279 3493 1334 3554 72:

329 3595 635 3680 Blanditaeque
656 3594 763 3662 fluunt
783 3615 842 3680 per
863 3615 937 3661 mea
959 3593 1042 3661 colla
1063 3615 1169 3675 rosae,

202 3706 236 3767 et
261 3701 467 3781 vocabulum,
502 3720 639 3785 quocum
671 3699 754 3766 illud
784 3701 991 3765 coniunctum
1013 3702 1166 3785 apparet,
1190 3718 1336 3764 sacoma

202 3825 261 3891 pro
284 3804 459 3870 serenitate
481 3804 611 3870 minime
631 3824 751 3870 rarum.
795 3802 974 3888 Praecipue
996 3801 1078 3868 illud
1097 3799 1268 3867 Claudiani
1285 3820 1335 3866 re

203 3910 283 3998 spici
308 3909 403 3974 velim
424 3930 512 3975 cons.
533 3908 616 3974 Hon.
637 3907 684 3974 IV
704 3911 779 3974 183:
812 3909 947 3992 risr‘tm
974 3913 1027 3974 troo
1051 3906 1184 3974 Natura
1210 3925 1335 3988 sacac,

202 4014 259 4080 ubi
281 4034 412 4102 prorsus
441 4012 555 4078 eodem
582 4011 678 4078 modo
707 4017 806 4098 atque
836 4012 876 4078 do
905 4011 1002 4076 simili
1029 4031 1065 4077 re
1089 4009 1222 4077 verbum
1244 4009 1335 4076 adhi-

202 4118 309 4199 betur,
331 4117 379 4184 ita
401 4121 438 4184 ut
459 4121 576 4205 poetae
599 4116 741 4187 animum
763 4116 817 4182 hic
838 4116 873 4182 id
895 4115 1040 4200 attigisse
1058 4113 1207 4200 equidem
1225 4113 1335 4180 existi·

203 4244 296 4291 mem.
342 4223 451 4301 Quare
472 4243 538 4289 non
554 4221 653 4288 laudo
675 4220 818 4287 Riesium
837 4226 870 4286 et
887 4219 1127 4300 Baehrenaium,
1148 4216 1235 4303 quod
1252 4217 1335 4283 Bur-

203 4347 355 4396 mannum
377 4329 473 4412 plane
496 4327 598 4394 secuti
621 4330 696 4393 suut
717 4324 807 4391 nullo
829 4323 977 4391 adhibito
999 4321 1129 4389 iudicio.

290 4430 414 4498 Deinde
435 4432 471 4497 in
498 4429 565 4498 illis
595 4429 635 4496 de
657 4429 758 4498 Fama
778 4428 885 4495 verbis
906 4451 934 4495 v.
952 4433 1009 4496 49:
1038 4428 1174 4497 cotim
1201 4447 1336 4516 oporam
