3246 5296
772 495 926 588 L

372 678 521 756 Quinto
549 676 649 760 igitur
674 677 857 756 saeculo,
889 678 1005 762 quippe
1035 698 1099 762 quo
1129 678 1197 744 fere
1227 681 1344 745 omniav
1363 680 1431 754 hic¹

286 785 465 846 memorata
501 769 642 845 'nomina
689 779 909 860 inveniantur,
955 781 1112 846 usitatius
1158 783 1259 848 fuisse
1298 803 1412 848 nomen

285 883 429 966 Auspicii
450 883 586 948 videtur.
1503 881 1505 886 ’

371 986 516 1050 Eandem
552 985 619 1050 fere
656 989 798 1050 aetatem
834 986 1022 1069 Auspicium
1058 986 1149 1051 illum
1184 987 1319 1066 vidisse,
1364 987 1415 1052 cui
1438 979 1463 1045 '.

286 1089 526 1173 epithalamium
556 1089 715 1171 scriptum
744 1094 809 1166 est,
845 1091 942 1152 immo
973 1109 1048 1155 vero
1078 1088 1188 1154 eadem
1217 1090 1279 1154 hac
1307 1094 1414 1154 aetate
1504 1105 1532 1129 ··

286 1193 528 1273 epithalamium
559 1191 664 1273 ipsum
696 1196 804 1256 ortum
834 1211 919 1271 esse,
954 1211 1018 1255 non
1049 1192 1150 1257 solum
1183 1213 1254 1257 cum
1284 1192 1416 1257 Patricii

285 1295 372 1360 illius
396 1300 519 1374 aetate,
550 1314 644 1377 quem
667 1299 797 1377 poetam
820 1294 1010 1376 probamus,
1040 1295 1096 1359 sed
1126 1296 1224 1360 etiam
1249 1316 1322 1360 cum
1340 1297 1414 1382 ipso

286 1400 442 1479 carmine,
480 1399 746 1481 qualemcumque
782 1403 935 1460 naturam
963 1396 1245 1482 condicionemque
1273 1419 1352 1482 prae
1382 1418 1416 1462 se

286 1499 360 1579 fert,
384 1523 449 1585 quo
470 1501 573 1582 magis
597 1501 752 1578 convenit,
776 1522 813 1565 eo
836 1500 943 1564 minus
962 1501 1133 1566 verisimile
1152 1501 1278 1566 videtur
1300 1521 1417 1566 nomen

285 1603 431 1686 Auspicii
454 1625 473 1668 a
496 1603 639 1684 Casparo
662 1600 798 1666 Barthio
821 1602 985 1666 inventum
1009 1622 1089 1669 esse.

372 1703 491 1769 Aelia
521 1708 645 1782 autem,
675 1724 789 1768 nomen
814 1703 988 1783 Graecum,
1019 1704 1193 1787 procellam
1223 1702 1414 1786 significans

288 1828 421 1891 quocum
445 1805 546 1886 Aello,
571 1826 688 1870 nomen
711 1806 883 1890 Harpyiae,
915 1806 1055 1871 conferri
1076 1807 1145 1871 vult
1167 1804 1415 1888 Wernsdorfius,

286 1911 366 1975 alias
385 1908 483 1972 semel
502 1909 650 1986 occurrit.
695 1908 784 1971 Dicit
802 1907 963 1973 Diodorus
986 1908 1043 1988 (IV
1066 1911 1114 1987 16)
1137 1909 1177 1972 de
1196 1909 1296 1988 Aella,
1319 1908 1415 1971 Ama·

241 1997 249 2012 ⁸
285 2033 400 2078 aunum
431 2009 615 2088 celerrima,
645 2031 741 2091 quam
770 2011 909 2093 primum
939 2010 1058 2075 occidit
1079 2009 1245 2074 Hercules.
1296 2010 1416 2074 Verum

285 2117 384 2179 etiam
412 2114 444 2177 in
473 2115 660 2176 memoriam
682 2117 779 2176 vocat
806 2113 868 2176 hoc
896 2132 1014 2176 nomon
1043 2111 1161 2178 similia
1182 2111 1269 2195 apud
1291 2116 1416 2176 veteres

285 2217 422 2296 inventa,
438 2220 482 2279 ‘ut
504 2218 607 2294 Auru,
631 2214 797 2297 Zephyris,
823 2213 1003 2293 Favonio.¹)

370 2321 487 2402 Itaque
508 2317 590 2381 nihil
611 2316 736 2396 obstat,
766 2318 845 2401 quin
866 2315 947 2380 illud
969 2337 1085 2381 nomeu
1107 2316 1313 2381 inferioribus
1336 2321 1417 2380 tem-

283 2423 416 2505 poribus
439 2417 577 2485 feminae
601 2419 728 2484 cuidam
751 2416 852 2483 fuisse
876 2418 1059 2483 credamus.

371 2523 464 2587 Nunc
485 2523 593 2604 igitur,
622 2520 793 2599 sicerum,
825 2539 909 2601 quae
932 2519 1037 2584 adhuc
1058 2518 1101 2584 ad
1123 2517 1324 2601 probandam
1347 2538 1416 2584 car-

285 2626 379 2690 minis
406 2623 501 2688 fidem
530 2622 563 2686 iu
592 2623 732 2686 medium
761 2622 972 2705 protulimus,
1007 2641 1164 2686 summam
1194 2619 1301 2685 facere
1330 2620 1416 2699 licet,

284 2726 489 2810 cognovimus
511 2723 606 2788 haec:

370 2830 482 2912 Neque
517 2848 572 2906 ea,
609 2845 692 2910 quae
728 2825 882 2890 Barthius
918 2824 1079 2892 tradendo
1116 2825 1235 2891 adiecit
1270 2823 1416 2903 carmini,
1479 2893 1480 2896 Ἴ

284 2931 410 2996 fraudis
423 2931 528 2996 instar
541 2929 699 3006 videntur,
717 2948 823 3011 neque
835 2947 911 2992 vero
925 2929 1056 2993 nomina
1073 2926 1122 2993 vel
1140 2934 1257 3012 poetae
1280 2927 1330 2992 vol
1343 2948 1415 3010 per-

285 3056 445 3112 sonarum,
468 3031 586 3115 quibus
609 3051 737 3094 carmen
761 3030 884 3095 dictum
907 3036 966 3110 est,
989 3031 1111 3095 habent
1133 3032 1305 3114 quicquam
1330 3029 1416 3113 quod

284 3138 500 3220 suspicionem
523 3139 580 3199 aut
602 3133 837 3198 dubitationem
854 3135 973 3217 pariat,
995 3134 1091 3198 immo
1114 3133 1195 3198 haec
1212 3134 1349 3199 maxime
1368 3134 1416 3196 ita
1499 3206 1502 3210 ,

284 3241 500 3314 consentiunt,
514 3241 553 3314 ut
566 3242 686 3300 certam
699 3235 765 3299 iam
778 3236 931 3301 carminis
946 3240 1088 3301 aetatem
1102 3237 1200 3301 liceat
1213 3255 1414 3319 cognoscere.

371 3338 453 3403 Sunt
483 3343 592 3403 autem
620 3336 699 3400 haec
727 3357 767 3401 ea
797 3343 1003 3420 argumenta,
1040 3359 1123 3419 quae
1153 3339 1246 3420 quasi
1281 3341 1416 3401 externa

285 3442 419 3506 carmini
449 3440 574 3504 adsunt.
632 3438 707 3502 Jam
736 3443 845 3504 autem
876 3439 1033 3504 accedunt
1061 3439 1234 3519 interiora,
1264 3459 1347 3521 quae
1377 3458 1416 3503 ex

284 3547 355 3626 ipso
380 3540 589 3625 epithalamio
619 3541 753 3622 eiusque
781 3545 904 3604 natura
926 3545 1025 3622 atque
1046 3541 1154 3604 indole
1170 3540 1253 3605 licet
1274 3539 1415 3606 haurire.

286 3645 371 3723 Quid
394 3644 480 3726 quod
501 3642 583 3706 haec
605 3641 703 3707 talem
725 3662 803 3724 prae
826 3663 869 3706 se
883 3640 968 3706 ferre
994 3643 1132 3727 speciem
1154 3642 1348 3722 videbimus,
1379 3646 1416 3706 ut

284 3769 356 3841 cum
379 3767 434 3826 eo,
464 3745 552 3827 quod
580 3745 685 3809 adhuc
708 3744 748 3809 de
771 3743 923 3809 carminis
946 3750 1055 3810 aetate
1078 3745 1267 3826 statuimus,
1296 3746 1414 3829 optime

284 3848 509 3916 consentiant?

370 4053 432 4117 Sed
453 4052 643 4135 priusquam
672 4049 714 4114 ad
737 4050 845 4133 ipsum
867 4049 1110 4133 epithalamium
1133 4051 1415 4133 contemplandum

283 4153 537 4237 progrediamur,
560 4150 688 4217 omnino
711 4150 752 4215 de
774 4170 891 4234 genere
913 4153 1035 4234 poesis,
1067 4153 1153 4234 quod
1177 4150 1414 4235 „epithala-

372 4373 390 4443 ι)
409 4371 444 4428 cf.
462 4373 627 4427 Wernsdorf
641 4370 660 4424 l.
679 4369 696 4422 l.
715 4389 743 4439 p·
761 4374 820 4425 471.
